3154 5032
173 1403 298 1533 Quum
329 1478 441 1523 omnes
473 1457 614 1522 omnium
646 1462 830 1540 temporum
854 1451 979 1542 'poetae
1011 1455 1196 1521 avinculis
1230 1475 1301 1520 ora·

173 1561 273 1624 tionis
296 1579 426 1643 prosae,
450 1562 565 1642 quibus
593 1560 744 1625 adstricti
766 1564 850 1640 sunt,
874 1577 909 1624 se
931 1553 1076 1623 lib'erarc
1099 1552 1302 1640 studuerunt,

174 1668 242 1726 turn
263 1671 382 1746 poetae
405 1663 498 1729 latini
520 1662 719 1747 praesertim
744 1683 841 1745 quum
863 1663 993 1746 graecis
1016 1661 1137 1727 litteris
1157 1660 1302 1742 aliquan-

173 1771 241 1829 tum
264 1767 418 1832 momenti
446 1766 547 1830 tribui
570 1773 722 1850 coeptum
744 1769 843 1846 esset,
868 1766 910 1828 ab
934 1785 994 1828 usu
1016 1763 1148 1847 vulgari
1169 1764 1202 1827 in
1234 1781 1302 1827 car·

173 1868 313 1933 minibus
336 1869 498 1934 faciendis
520 1870 678 1936 recedere
695 1869 806 1933 conati
821 1867 961 1932 maxima
976 1886 1048 1931 cum
1068 1865 1208 1930 utilitate
1227 1885 1303 1950 poe·

172 1971 218 2036 sis
241 1969 304 2037 hoe
324 1972 430 2056 magis
453 1971 622 2056 magisque
638 1973 902 2055 adsumpserunt:
927 1989 1029 2054 quare
1045 1969 1175 2036 minime
1190 1969 1309 2042 mirum.

173 2073 313 2157 videtur,
339 2075 426 2158 quod
449 2094 491 2139 ex
513 2072 575 2140 hac
596 2075 728 2160 poetica
748 2074 885 2140 licentia
907 2094 974 2139 non
996 2072 1102 2139 solum
1123 2077 1305 2156 praecepta

173 2178 460 2261 grammaticorum
486 2198 553 2244 non
580 2181 776 2261 observare,
805 2177 987 2243 sedetiam
1013 2175 1160 2242 Graecos
1183 2174 1305 2240 imitari

143 2277 146 2284 ’
172 2285 294 2364 poetae
313 2281 453 2345 maxime
476 2279 532 2363 qui
552 2281 756 2366 temporibus
779 2280 921 2364 Augusti
942 2279 1105 2362 vixerunt,
1128 2279 1200 2344 ausi
1218 2284 1319 2370 suut.¹

174 2383 252 2461 Quis
277 2384 372 2466 enim,
397 2383 451 2466 qui
473 2383 584 2449 Ovidii
608 2386 754 2450 carmina
777 2384 934 2449 attentius
957 2383 1150 2468 perlegerit,
1175 2403 1248 2448 eum
1270 2383 1304 2445 in

172 2488 346 2551 tractando
370 2506 520 2553 sermone
536 2488 672 2560 liberius
687 2493 854 2555 versatum
869 2492 985 2552 contra
998 2478 1304 2552 romanum-moreni

175 2589 323 2654 Graecos
355 2610 452 2671 quum
481 2591 590 2656 multis
618 2592 651 2654 in
680 2591 753 2655 aliis
785 2593 884 2656 rebus
913 2595 980 2653 tum
1005 2591 1040 2652 in
1067 2573 1335 2654 connectendis'

176 2692 459 2757 enuntiationibus
476 2694 637 2758 imitatum
655 2713 729 2758 esse
746 2693 873 2758 nescit?
908 2692 1109 2775 Quamquam
1125 2712 1145 2755 a
1161 2691 1269 2755 multis
1280 2689 1303 2774 ¹)

177 2795 387 2874 quaestiones
401 2797 442 2860 de
456 2801 627 2879 poctarum
638 2795 815 2860 latinorum
827 2795 957 2879 syntaxi
964 2794 1035 2878 jam
1046 2798 1209 2858 tractatae
1220 2798 1304 2875 sunt,

175 2897 338 2962 neminem
362 2898 446 2980 scio,
471 2899 525 2981 qui
548 2919 644 2964 omne
668 2899 808 2964 studium
830 2897 981 2981 posuerit
1002 2897 1037 2960 in
1059 2896 1171 2960 Ovidii
1194 2900 1303 2978 synta-

175 2999 260 3064 etico
277 3022 336 3066 usu
352 3002 594 3084 cognoscendo.
631 3002 734 3080 Quum
756 3002 857 3085 igitur
877 3019 999 3086 operae
1024 3000 1165 3083 pretium
1185 3018 1236 3062 me
1259 2998 1304 3061 fa-

175 3105 300 3166 cturum
315 3122 389 3168 csse
405 3103 558 3186 arbitrer,
577 3124 662 3169 nunc
678 3103 756 3168 mihi
774 3106 876 3170 liceat
889 3103 1069 3183 illustrare,
1092 3102 1170 3186 quid
1186 3099 1305 3167 Ouidio

174 3203 209 3265 in
232 3205 439 3288 carminibus,
463 3226 547 3289 quae
570 3206 604 3269 in
628 3205 726 3271 exilio
751 3207 947 3289 composuit,
976 3205 1145 3289 proprium
1170 3205 1222 3269 sit.
1265 3203 1306 3267 In

176 3324 239 3387 quc
261 3327 303 3372 ne
328 3328 348 3371 a
368 3307 541 3388 divisione,
566 3328 661 3389 quam
677 3307 882 3390 grammatici
897 3307 1118 3387 instituerunt,
1141 3306 1304 3387 reccdam,

175 3408 313 3490 primum
336 3409 377 3472 de
401 3431 461 3474 usu
484 3410 627 3493 generis,
652 3409 788 3489 numeri,
811 3427 986 3490 personae,
1009 3412 1077 3471 tum
1099 3407 1140 3470 de
1164 3406 1305 3488 casibus,

175 3512 242 3570 tum
262 3509 303 3571 de
325 3513 528 3594 temporibus
552 3511 655 3592 verbi,
680 3510 799 3574 deinde
823 3509 864 3573 de
884 3509 1004 3574 ceteris
1027 3508 1187 3574 orationis
1205 3509 1306 3592 parti-

176 3608 248 3686 bus,
271 3607 307 3667 id
330 3615 381 3670 cst
403 3612 443 3676 de
471 3614 728 3696 pronominibus,
753 3611 937 3695 adjectivis,
961 3612 1141 3693 adverbiis,
1164 3611 1306 3691 denique

177 3708 218 3771 de
235 3705 453 3774 collocatione
468 3717 653 3798 verborum,
670 3720 839 3798 postremo
856 3714 1029 3796 demodis,
1050 3715 1079 3780 si
1094 3714 1172 3796 quid
1186 3716 1307 3796 poetae

176 3809 344 3894 peculiare
369 3811 420 3894 sit,
443 3817 666 3896 quaerendum
686 3817 764 3880 mihi
786 3817 860 3882 erit.

179 3950 385 3962 *ᾗ

270 4017 293 4101 ¹)
317 4025 352 4083 ut
375 4039 396 4083 a
418 4019 583 4101 Merquct:
607 4021 657 4084 De
680 4041 742 4086 usu
765 4021 947 4105 syntectico
969 4019 1122 4084 infinitivi
1135 4018 1229 4082 latini
1245 4039 1308 4082 ma-

177 4104 262 4168 xime
288 4106 436 4189 poetico;
472 4107 514 4170 ab
542 4105 663 4171 Ottone
695 4107 737 4170 de
765 4106 938 4172 Gelenslri:
975 4106 1016 4169 dc
1042 4104 1196 4168 infinitivi
1221 4103 1309 4188 apud

177 4197 295 4272 poetas
316 4189 437 4257 latinos
461 4212 533 4275 usu;
567 4191 751 4256 aKilbler:
787 4194 828 4257 de
850 4191 1012 4255 infinitivo
1036 4190 1125 4275 apud
1146 4190 1307 4255 Romano-

177 4294 248 4340 rum
271 4283 388 4360 poetas
414 4297 434 4341 a
455 4279 640 4344 nominibus
664 4282 754 4362 apto.

644 4485 850 4500 Μ
