3154 5032
833 369 853 432 6

331 553 359 641 ξ.
384 556 411 621 1.
436 557 489 621 De
511 555 781 621 constructione
805 557 961 637 generis,
983 558 1137 638 numeri,
1158 577 1351 643 personae.

363 691 484 759 Cetera
506 693 637 776 quidem
659 697 849 775 praecepta,
872 712 956 774 quae
980 694 1022 757 ad
1045 695 1307 766 convenientiam
1330 699 1403 762 sub·

271 795 357 879 jecti
379 801 413 860 et
435 795 620 880 praedicati
643 795 819 877 pertinent,
847 794 997 860 Ovidium
1020 799 1217 862 observasse
1239 798 1403 864 intellexi:

278 899 337 962 sed
360 918 456 981 quum
477 895 678 980 Reisigius2)
705 897 867 961 vocabula
897 903 1097 980 „uterque,
1122 901 1310 983 quisque“
1335 903 1403 986 plu·
1472 931 1479 938 ·

277 999 339 1065 rali
362 1020 434 1064 cum
456 1018 591 1065 numero
614 1018 808 1081 quamquam
828 999 937 1083 logice
961 1001 1101 1084 licuerit,
1123 1006 1232 1065 tamen
1256 1023 1276 1065 a
1294 1004 1403 1086 poetis

276 1107 402 1166 tantum
424 1107 458 1166 et
480 1102 707 1185 scriptoribus,
734 1101 789 1183 qui
805 1102 946 1166 orationi
969 1108 1137 1186 poetarum
1157 1103 1253 1168 simili
1275 1105 1403 1170 studue-

275 1204 350 1284 rint,
374 1204 436 1268 hoc
458 1203 530 1268 fieri
554 1208 703 1268 censeat:
734 1203 821 1285 quod
843 1205 876 1266 in
901 1205 1110 1286 carminibus,
1140 1225 1223 1288 quae
1246 1207 1280 1268 in
1303 1207 1402 1272 exilio

277 1307 401 1389 scripta
420 1312 504 1386 sunt,
525 1305 583 1370 illa
599 1304 761 1370 vocabula
775 1306 937 1370 nonnullis
950 1306 1033 1371 locis
1049 1307 1167 1390 plurali
1181 1329 1315 1372 numero
1328 1310 1402 1392 jun·

277 1414 330 1472 cta
344 1408 564 1486 inveniuntur,
588 1427 682 1489 quem
695 1428 787 1472 usum
802 1408 938 1472 Ovidius
954 1414 1084 1474 secutus
1100 1410 1152 1490 sit,
1177 1411 1403 1474 disserendum

275 1514 366 1594 puto,
397 1509 610 1593 Comparanti
624 1507 702 1572 mihi
718 1509 865 1592 singulos
881 1508 984 1590 locos,
1001 1512 1116 1594 quibus
1133 1511 1253 1594 plurali
1269 1533 1402 1576 numero

277 1611 412 1676 Ovidius
434 1611 543 1693 utitur,
566 1609 624 1674 illa
645 1611 808 1676 vocabula
831 1612 873 1674 ad
895 1612 1033 1695 primam
1055 1614 1109 1677 vel
1132 1615 1309 1678 secundam
1330 1635 1402 1697 per·

276 1733 389 1778 sonam
411 1713 625 1798 respicientia
647 1733 718 1778 cum
741 1713 797 1777 illo
822 1733 957 1777 numero
973 1715 1147 1798 conjuncta
1162 1723 1345 1798 occurrunt,
1369 1717 1403 1779 id

277 1817 365 1898 quod
380 1836 447 1879 non
465 1813 537 1879 fieri
553 1835 618 1879 non
634 1821 776 1899 poterat,
800 1821 845 1880 ut.
861 1836 888 1880 e.
906 1817 944 1879 P.
961 1815 1005 1880 ΙΙ.
1020 1817 1050 1897 5,
1075 1817 1116 1881 66
1139 1818 1244 1881 cultor
1266 1826 1402 1902 uterquc

277 1937 383 1982 sumus
406 1917 449 1982 H.
473 1917 503 1998 9,
526 1915 566 1980 21
588 1915 675 2000 quod
689 1924 827 2000 uterque
842 1918 952 2000 rogati
965 1955 1005 1964 -—
1018 1918 1107 1982 ferre
1125 1920 1238 1984 soletis
1255 1919 1298 1984 Il.
1314 1921 1343 2002 9,
1361 1920 1403 1984 64

276 2020 382 2084 cultor
412 2024 548 2102 uterque
578 2039 685 2084 sumus
712 2019 772 2084 IV.
804 2019 852 2101 12,
882 2019 920 2083 21
952 2021 1039 2103 quod
1069 2019 1225 2086 habemus
1253 2028 1400 2106 uterque.

275 2122 331 2186 Tr.
353 2123 379 2187 I.
405 2117 795 2205 accommodetis
824 2123 932 2185 turba.
959 2141 987 2186 e.
1013 2123 1051 2186 P.
1076 2123 1102 2187 l.
1129 2123 1178 2206 10,
1201 2123 1244 2188 44
1270 2132 1400 2190 vestros

275 2224 412 2307 quisque
426 2229 544 2308 rogate
558 2224 601 2289 H.
619 2224 668 2306 10,
686 2224 724 2289 18
741 2225 877 2306 quisque
895 2244 1068 2308 sequamur
1082 2225 1156 2290 iter.
1186 2229 1241 2293 Tr.
1259 2229 1300 2292 V.
1314 2228 1345 2310 3,
1358 2225 1400 2292 48

275 2328 411 2410 quisque
435 2331 564 2411 rogate.

358 2450 464 2514 neque
487 2429 620 2493 tertiam
642 2447 818 2511 personam
841 2427 1071 2514 significantia,
1095 2437 1130 2496 ut
1148 2432 1229 2497 haec
1251 2429 1401 2515 exempla

276 2531 503 2599 declarabunt:

361 2655 389 2700 c.
412 2656 444 2719 p.
467 2633 527 2698 ΙΙΙ.
552 2633 581 2714 2,
604 2631 656 2698 34.
678 2631 761 2696 vivit
782 2637 919 2715 uterquc
942 2633 1002 2699 ΙΙΙ.
1020 2635 1050 2716 2,
1069 2635 1110 2699 86
1125 2642 1250 2720 pugnat
1264 2645 1399 2720 uterquc

273 2731 332 2800 IV.
356 2736 385 2816 8,
415 2735 456 2800 76
481 2736 570 2800 venit
591 2755 711 2798 nervus
734 2741 871 2816 uterque
895 2735 954 2800 IV.
978 2737 1009 2819 9,
1039 2737 1101 2802 109
1123 2744 1190 2801 stat
1213 2746 1349 2821 uterquc
1372 2737 1398 2802 I.

273 2837 304 2918 4,
327 2839 530 2920 seuereque
552 2842 644 2900 terra
665 2837 776 2899 tremit
799 2837 858 2902 III.
882 2837 911 2918 9,
933 2839 974 2902 36
996 2845 1125 2923 tempus
1148 2847 1318 2922 utrumque
1339 2845 1399 2904 est.

272 2939 300 3004 Ι.
324 2937 353 3020 2,
378 2937 438 3018 148
461 2939 552 3002 venit
573 2937 708 3021 quisque
727 2939 753 3000 I.
769 2939 798 3022 5,
822 2939 864 3005 35
879 2945 930 3004 est
945 2942 1081 3024 cupidus
1099 2943 1234 3023 quisque
1250 2941 1292 3003 ΙΙ.
1311 2941 1341 3018 3,
1361 2939 1400 3000 17

274 3041 411 3122 quisque
434 3045 521 3104 amat
541 3039 601 3104 111.
626 3039 655 3122 9,
685 3040 704 3105 8
727 3041 864 3123 quisque
887 3044 1006 3123 probet
1024 3042 1083 3122 IV,
1108 3041 1136 3122 1,
1160 3039 1180 3102 2
1210 3037 1297 3119 quod
1320 3039 1401 3104 fecit

274 3143 421 3226 quisque.

358 3243 432 3308 Huc
454 3244 661 3308 referendum
678 3243 817 3324 videtur,
841 3240 929 3325 quod
949 3262 969 3304 a
988 3243 1118 3326 vulgari
1134 3262 1283 3308 sermone
1299 3243 1398 3325 plane

273 3346 454 3430 discrepat,
489 3367 585 3428 quum
618 3347 754 3410 Ovidius
786 3365 896 3410 senem
927 3345 1088 3427 quendem
1119 3344 1282 3408 dicentem
1309 3343 1397 3424 facit,
1484 3407 1493 3414 ,

271 3447 423 3518 Orestem
457 3454 490 3515 et
519 3447 679 3532 Pyladem
706 3449 848 3530 juvenes
881 3447 981 3510 litora
1015 3444 1169 3527 Scythica
1202 3446 1398 3528 suo-pede

272 3551 445 3634 pressisse.
491 3551 645 3632 Legimus
669 3551 755 3614 enim
778 3569 806 3613 e.
829 3549 866 3612 P.
888 3547 948 3612 111.
971 3547 1001 3626 2,
1024 3544 1087 3609 68.

398 3651 502 3716 *Cum
525 3652 588 3715 duo
612 3650 751 3714 velifera
767 3650 909 3731 juvenes
930 3668 1051 3712 venere
1069 3649 1183 3714 carina

495 3757 751 3837 presseruntque
775 3771 833 3815 suo
855 3751 955 3814 litora
976 3757 1091 3815 nostra
1113 3750 1241 3835 pedc.³)

356 3855 563 3921 Contrarium
576 3853 711 3918 Ovidius
729 3874 757 3917 e.
773 3855 811 3918 P.
828 3849 889 3918 III.
904 3852 934 3935 4,
950 3853 989 3918 91
1009 3853 1072 3918 sibi
1089 3855 1235 3937 sumpsit,
1259 3853 1315 3916 ubi
1338 3871 1394 3914 no·

270 3958 351 4022 mini
369 3957 545 4041 singularis
561 3956 687 4021 numeri
708 3956 951 4039 appositionem
971 3955 1107 4039 pluralis
1123 3954 1249 4018 numeri
1263 3953 1397 4038 adjecit.

271 4059 360 4124 Dicit
383 4061 469 4125 enim

356 4263 383 4348 ²)
405 4265 536 4330 Vorles.
560 4270 593 4330 ir.
616 4264 672 4328 lat.
695 4264 768 4349 Spr.
791 4265 819 4350 ξ.
847 4266 902 4331 191
929 4286 960 4348 p.
984 4261 1055 4328 324.

358 4349 383 4428 ³)
406 4348 566 4433 Suspicio,
602 4369 698 4432 quam
725 4371 876 4415 numerus
913 4347 1082 4432 singulari,
1118 4348 1228 4431 movit,
1266 4346 1397 4426 sublato
1475 4351 1479 4366 '

269 4436 409 4518 videtur,
434 4435 462 4499 si
484 4453 545 4520 pro
569 4435 770 4519 „suo-pede“
798 4435 921 4516 legitur
943 4435 1141 4517 „sua-ratc.“
