3154 5032
742 377 778 442 ll

575 564 601 626 1.
632 563 939 628 similitudinem.

277 669 316 730 In
339 684 403 748 quo
425 665 603 749 praecipue
624 665 822 748 adjectivum
837 665 994 747 „similis“
1010 672 1325 736 commemorandum

192 774 252 834 est.
297 768 435 831 Multum
462 789 482 830 a
504 767 612 830 multis
640 767 862 850 grammaticis
896 768 1038 831 omnium
1067 777 1250 855 temporum
1282 775 1324 839 de

193 870 437 935 constructione
453 870 540 932 illius
556 869 713 952 adjectivi
729 869 929 952 disputatum
949 875 1009 935 est.
1054 872 1136 936 Utut
1158 879 1218 956 est,
1241 896 1324 957 quae

193 976 234 1037 ab
257 970 428 1055 Haasio¹³j
456 971 621 1054 explicata
644 976 727 1052 sunt,
758 992 951 1055 quamquam
974 973 1112 1037 maxime
1137 977 1325 1058 probabilia

192 1075 269 1137 mihi
291 1075 453 1154 videntur,
477 1079 586 1136 tamen
610 1093 705 1155 quum
729 1072 769 1137 de
794 1093 854 1136 usu
876 1074 962 1138 illius
985 1075 1142 1157 adjectivi
1158 1079 1191 1140 in
1211 1081 1324 1142 carmi-

192 1177 287 1239 nibus
302 1175 421 1256 Ovidii,
447 1195 531 1257 quae
554 1176 587 1238 in
611 1175 710 1238 exilio
731 1174 883 1238 confecta
900 1183 984 1256 sunt,
1009 1197 1213 1262 quaeramus,
1237 1179 1324 1262 quod

197 1277 374 1342 discrimen
396 1278 509 1341 Haase
532 1276 554 1340 l.
578 1296 605 1341 c.
629 1276 739 1354 affert,
764 1276 798 1338 id
821 1278 862 1339 ab
879 1277 999 1341 Ovidio
1023 1299 1088 1342 non
1111 1282 1322 1346 observatum

194 1371 267 1444 esse
298 1380 530 1462 intellegimus.
585 1378 669 1441 Nam
702 1378 876 1461 adjectivis
910 1378 1068 1461 similis,
1106 1380 1322 1464 dissimilis,

194 1481 389 1544 adsimilis
415 1481 538 1545 nullum
564 1480 661 1543 alium
687 1499 805 1560 casum,
833 1481 898 1545 nisi
926 1483 1095 1547 dativum
1127 1485 1323 1566 adjcctum

194 1583 405 1661 inveniemus,
434 1583 580 1665 quamvis
609 1601 650 1645 ex
673 1582 730 1644 illo
754 1591 935 1666 praecepto
959 1585 1147 1666 genetivum
1173 1584 1323 1670 usurpari

194 1704 331 1748 necesse
355 1685 467 1766 fuerit;
503 1691 536 1749 et
561 1684 691 1766 quidem
717 1683 855 1766 legimus
884 1705 911 1748 e.
935 1686 972 1749 P.
1000 1691 1022 1750 l.
1047 1687 1076 1767 2,
1101 1687 1143 1750 84
1166 1688 1322 1752 fratribus

193 1786 350 1850 adsimilis
372 1787 411 1849 ll.
436 1786 465 1866 8,
488 1787 528 1850 31
557 1806 680 1868 perque
703 1787 764 1849 tibi
786 1787 924 1851 similem
946 1825 990 1878 ᾗ-
1012 1795 1122 1852 natum
1145 1791 1182 1853 ll.
1210 1792 1257 1866 ll,
1284 1791 1322 1853 17

194 1909 237 1953 ne
261 1888 429 1952 dissimilis
452 1889 513 1951 tibi
535 1888 578 1951 sit
599 1889 776 1970 probitate.

591 2004 621 2071 2.
656 2007 930 2072 diversitatem

278 2113 563 2194 praeposterus
586 2110 644 2174 Tr.
662 2109 688 2176 Ι.
713 2109 743 2191 8,
772 2109 793 2176 5
816 2110 923 2174 omnia
945 2116 1082 2177 naturae
1105 2120 1324 2198 praepostera

192 2210 324 2295 legibus
348 2211 450 2275 ibunt.

277 2315 307 2378 3.
332 2313 502 2378 Adhaeret
516 2313 589 2379 aliis
606 2334 734 2397 quoque
751 2316 919 2381 vocabulis
935 2319 1052 2382 tertius
1068 2319 1096 2383 is
1110 2337 1216 2400 casus,
1238 2339 1322 2401 quae

193 2419 374 2482 observare
395 2437 518 2498 operae
543 2418 672 2481 videtur
696 2418 844 2500 pretium,
868 2425 904 2483 ut

278 2517 388 2582 simul
423 2520 478 2583 Tr.
507 2523 548 2586 V.
578 2521 626 2601 10,
655 2520 696 2584 29
725 2522 845 2605 quippe
880 2522 974 2586 simul
1009 2523 1103 2586 nobis
1135 2524 1322 2588 discrimine

193 2621 282 2685 nullo
305 2623 483 2686 Barbarus.

588 2723 618 2786 3.
645 2723 698 2786 De
726 2725 923 2805 genetivo.

278 2825 362 2889 Illud
385 2823 605 2888 confitendum
628 2831 687 2907 est,
717 2827 878 2891 rationem
903 2827 1049 2909 genetivi
1071 2827 1170 2892 latius
1194 2834 1321 2911 patere,

193 2947 287 3008 quarn
316 2947 389 3009 qua,
423 2933 459 2988 ut
488 2926 586 3010 vulgo
614 2927 743 3008 dicitur,
775 2949 894 2993 nomen
927 2929 1049 3011 aliquid
1084 2931 1322 2995 accuratiorem

192 3029 414 3093 definitionem
442 3028 593 3111 accipiat.
642 3028 774 3094 Revera
806 3031 892 3094 enim
920 3031 1092 3114 genetivus
1127 3033 1208 3096 nihil
1232 3031 1323 3096 aliud

191 3130 341 3210 denotat,
363 3131 427 3196 nisi
449 3132 630 3214 subjectum
653 3131 786 3214 aliquod
809 3153 880 3212 cum
901 3133 1094 3217 praedicato
1118 3135 1321 3217 cogitatione

191 3251 264 3296 esse
289 3232 496 3314 conjunctum
523 3234 616 3296 etin
643 3235 745 3298 breve
771 3240 983 3298 contractum.
1033 3234 1103 3311 Qua
1130 3255 1170 3298 ex
1198 3235 1322 3319 signifi-

190 3316 319 3397 catione
342 3333 515 3416 multiplici
537 3335 666 3398 ratione
689 3336 873 3399 nominibus
890 3341 923 3398 et
937 3335 1048 3398 verbis
1064 3337 1236 3415 genetivus
1245 3337 1320 3418 jun-

190 3435 278 3516 gitur
301 3439 335 3497 et
357 3442 511 3515 qnantum
534 3455 575 3498 ex
598 3435 708 3498 Ovidii
731 3437 938 3515 carminibus,
965 3435 998 3496 in
1026 3435 1142 3515 quibus
1169 3445 1321 3502 versatur

188 3537 272 3598 haec
301 3535 491 3616 disputatio,
527 3537 683 3619 cognosci
715 3542 838 3619 potest,
865 3536 1014 3618 inprimis
1043 3543 1206 3601 structura
1232 3539 1321 3621 adje-

190 3634 349 3697 ctivorum
374 3639 657 3702 commemoranda
684 3645 744 3702 est.
795 3637 995 3721 Quamquam
1023 3640 1108 3702 enim
1135 3660 1230 3703 nemo
1259 3647 1319 3722 est,

190 3735 244 3817 qui
264 3733 400 3813 nesciat,
426 3735 524 3799 ctiam
539 3741 626 3821 apud
642 3742 820 3823 scriptores
839 3761 960 3823 prosae
976 3742 1135 3806 orationis
1153 3741 1318 3823 adjectiva

189 3837 363 3921 genetivus
385 3837 538 3918 regentia
559 3839 717 3906 latissime
737 3849 864 3925 patere,
886 3849 995 3907 tamen
1017 3844 1105 3925 apud
1121 3849 1237 3925 poetas
1253 3863 1320 3907 non

189 3942 316 4020 desunt,
341 3959 424 4021 quae
448 3941 489 4003 ab
510 3959 569 4003 usu
588 3941 716 4025 vulgari
733 3943 946 4010 abhorrentia
960 3944 1002 4007 ad
1018 3945 1201 4027 exemplum
1217 3945 1319 4010 Grae·

189 4062 300 4106 corum
333 4042 520 4124 genetivum
552 4043 725 4125 recipiant.
773 4047 842 4111 Nos
876 4046 1016 4130 singula,
1052 4065 1136 4126 quae
1168 4047 1319 4112 instituto

187 4151 302 4209 nostro
327 4145 451 4208 servire
465 4145 672 4225 videbuntur,
697 4148 896 4215 excutiemus
916 4155 950 4212 et
964 4152 1119 4230 quantum
1134 4148 1318 4229 poterimus

187 4247 221 4308 in
244 4251 353 4311 certas
375 4247 500 4312 classes
522 4246 579 4312 illa
601 4248 767 4332 adjectiva
790 4249 1031 4314 distribuamus.

278 4432 316 4518 ¹⁸)
338 4433 453 4502 Haase
477 4436 520 4502 ad
541 4435 631 4502 Reis.
655 4440 718 4504 An.
740 4437 805 4504 550
826 4459 857 4523 p·
879 4435 943 4503 673
968 4457 1062 4521 seqq·
