3154 5032
115 579 118 586 '
190 578 242 634 tur
262 591 291 636 e.
312 569 351 632 P.
374 569 399 631 i.
424 567 457 648 2,
486 565 527 632 98
550 585 656 650 paene
681 569 778 632 etiam
800 569 918 634 merito
941 570 1073 652 parcior
1094 571 1145 636 ira
1167 592 1239 639 meo
1268 579 1320 640 est

191 709 231 720 -
254 674 283 736 h.
309 693 337 736 e.
367 691 484 760 „quam
507 689 569 753 pro
590 669 738 734 merito“.
764 689 791 732 e.
816 670 854 735 P.
881 671 932 752 10,
962 671 1002 736 37
1031 691 1131 756 saepe
1155 675 1226 740 dies
1251 697 1317 742 ser-

190 795 286 838 mone
321 773 425 837 minor
452 773 514 835 fuit
545 772 605 835 ΙΠ.
633 771 668 852 3,
705 770 744 834 71
772 793 837 836 non
865 774 1001 856 gravior
1033 776 1148 840 merito
1179 777 1317 842 vindicis

190 877 241 940 ira
263 873 379 957 fuit.²⁰)
1167 879 1171 884 ’

651 1046 856 1057 -u—-u-n-u

406 1217 432 1302 ἓ.
456 1219 485 1281 3.
524 1217 575 1280 lie
597 1221 800 1301 temporum
823 1236 893 1281 usu
913 1219 1099 1301 peculiari.

276 1371 475 1452 Quamquam
498 1371 651 1435 Ovidium
675 1390 695 1435 a
718 1371 845 1452 vulgari
870 1371 1002 1436 dicendi
1023 1373 1151 1437 ratione
1174 1373 1208 1436 iu
1227 1393 1317 1436 usur·

192 1472 310 1555 pandis
339 1474 540 1555 temporibus
569 1493 634 1536 non
660 1473 793 1536 multum
820 1473 1014 1538 discessisse
1045 1480 1175 1540 constat
1207 1481 1317 1540 tamen

192 1593 422 1655 nonnunquam
455 1575 649 1639 infinitivum
675 1575 815 1658 perfecti
846 1595 908 1658 pro
935 1575 1095 1642 infinitivo
1129 1576 1315 1660 praesentis

194 1676 335 1759 positum
356 1677 552 1758 invenimus,
580 1678 700 1761 partim
724 1677 814 1741 nulla
837 1677 902 1741 alia
925 1678 966 1742 de
991 1697 1091 1743 cansa
1113 1679 1177 1742 nisi
1198 1683 1315 1742 metro·

190 1799 260 1842 rum
282 1780 425 1860 ratione,
459 1790 495 1842 ut
518 1799 547 1844 c.
570 1781 608 1844 P.
628 1780 688 1843 III.
718 1779 750 1860 6,
779 1779 830 1844 35.
861 1780 902 1844 36
929 1780 1013 1844 adde
1043 1781 1129 1864 quod
1153 1781 1315 1846 extinctos

189 1918 230 1927 -
257 1919 300 1929 —
326 1881 424 1946 Nulla
458 1888 569 1965 potest
595 1882 712 1946 iterum
740 1883 967 1947 restituisse
1003 1882 1089 1964 dies,
1121 1919 1163 1929 -
1192 1918 1231 1928 -
1259 1882 1316 1946 ubi

191 1984 349 2049 orationis
365 1989 536 2049 contextus
550 1983 666 2047 infinit.
689 2003 798 2067 praes.
815 1985 973 2067 postulat:
999 1985 1058 2048 sed
1077 2005 1173 2066 quum
1189 1985 1315 2049 adrem

189 2086 357 2150 metricam
391 2092 591 2168 spectemus,
624 2087 739 2150 infinit.
770 2086 944 2152 restituere
974 2106 1080 2168 neque
1114 2087 1155 2150 ad
1184 2105 1314 2151 versum

189 2187 411 2252 hexametrum
439 2207 545 2271 neque
574 2189 616 2252 ad
642 2193 881 2272 pentametrum
907 2188 1061 2252 idoneum
1089 2208 1163 2253 esse
1188 2189 1314 2273 perspi·

190 2309 280 2354 cuum
305 2296 365 2355 est.
396 2291 489 2355 Idem
513 2291 636 2355 accidit
657 2291 691 2354 in
714 2313 744 2354 v.
760 2290 816 2354 Tr.
835 2290 861 2353 I.
884 2290 911 2370 1,
934 2291 977 2354 50
997 2309 1058 2354 060
1080 2291 1141 2354 tibi
1164 2291 1207 2354 sit
1228 2291 1314 2356 lecto

192 2393 401 2477 displicuisse
420 2381 585 2478 pudor.²¹)
785 2461 789 2472 p

273 2495 393 2579 partim
413 2495 530 2568 infinit.
553 2495 638 2577 perf.
662 2515 722 2577 pro
739 2493 854 2558 infinit.
873 2513 982 2576 praes.
1006 2489 1158 2578 ἀορίστως
1172 2495 1315 2577 positum

189 2615 262 2660 esse
287 2597 406 2660 dicunt.
452 2597 536 2661 Nam
559 2605 593 2660 ut
616 2597 703 2679 apud
727 2596 873 2661 Graecos
897 2596 1013 2660 aoristi
1039 2595 1137 2660 etiam
1158 2617 1313 2680 praesen-

187 2697 229 2762 tis
261 2698 385 2764 habent
415 2698 689 2782 significationem
723 2703 821 2779 atque
856 2696 905 2760 illi
937 2697 1070 2763 aurietis
1102 2697 1217 2762 infinit.
1252 2718 1314 2782 pro

188 2803 355 2882 praesenti
377 2821 443 2866 non
469 2821 545 2864 raro
568 2805 714 2881 utuntur,
739 2799 787 2864 sic
810 2804 930 2882 poetae
954 2819 1082 2882 quoque
1103 2799 1198 2862 latini
1220 2820 1313 2884 prae·

187 2901 319 2966 teritum
347 2903 500 2966 infinitivi
525 2901 790 2984 frequentissime
819 2920 879 2984 pro
907 2901 1077 2984 praesenti
1104 2908 1313 2986 usurparunt,

188 3024 284 3086 quum
305 3005 457 3071 absoluta
479 3005 589 3086 aliqua
610 3023 664 3068 res
694 3008 750 3067 aut
771 3002 864 3070 unius
885 3003 936 3067 rei
957 3003 1112 3086 repetitio
1139 3004 1312 3070 indicatur.

187 3107 323 3189 Exque
347 3127 470 3191 genere
493 3107 576 3173 haec
600 3111 675 3170 sunt
699 3106 864 3190 exempla:
900 3126 928 3171 e.
957 3105 993 3169 P.
1022 3105 1064 3168 ΙΙ.
1092 3105 1140 3189 16,
1154 3106 1197 3171 39
1220 3127 1312 3191 seqq.

271 3210 332 3273 Est
350 3209 473 3292 aliquid
497 3231 593 3276 casus
617 3210 743 3293 pariter
766 3209 914 3273 timuisse
938 3207 1108 3272 marinos

310 3313 491 3396 junctaque
511 3312 553 3375 ad
576 3331 759 3393 aequoreos
782 3315 860 3374 vota
882 3307 997 3400 tulisse
1020 3309 1099 3373 deos

140 3421 146 3438 “
230 3417 264 3476 et
288 3414 385 3477 modo
406 3435 460 3480 res
484 3415 593 3498 egisse
618 3413 721 3494 simul,
745 3412 841 3476 modo
858 3429 972 3473 versus

172 3584 180 3603 ,
316 3550 514 3564 ········
558 3514 686 3580 referre
704 3501 802 3597 jocos

188 3632 216 3675 e.
240 3613 277 3676 P.
299 3615 326 3677 Ι.
352 3615 380 3695 7,
402 3617 444 3680 62
467 3619 515 3681 sic
539 3622 590 3682 est
612 3617 764 3682 fortunae
787 3613 1007 3699 promeruisse
1034 3615 1130 3678 tuae?
1153 3615 1209 3680 Tr.
1231 3617 1257 3680 Ι.
1281 3617 1311 3696 5,

186 3713 208 3776 4
223 3735 320 3780 ausus
344 3735 379 3780 es
395 3718 536 3799 alloquio
552 3719 745 3783 sustinuisse
767 3723 823 3782 tuo
837 3717 897 3782 IV.
915 3715 945 3798 2,
965 3717 1090 3790 rflexo,
1101 3717 1311 3782 succubuisse

187 3836 274 3900 genu
296 3818 355 3883 IV.
379 3818 408 3900 8,
425 3818 471 3883 ‘52
494 3821 671 3885 emeruisse
695 3818 853 3903 virumrr)

273 4107 312 4189 ²⁰)
337 4111 423 4174 Vide
447 4127 559 4192 progr.
575 4108 675 4174 Grim.
695 4109 775 4175 1858
798 4131 829 4193 p.
845 4108 886 4172 33
909 4109 964 4172 ubi
985 4113 1098 4172 auctor
1114 4107 1213 4172 etiam
1227 4130 1311 4176 com-

186 4193 293 4278 pluria
316 4195 467 4277 exempla
489 4214 530 4258 ex
553 4194 661 4258 Ovidii
684 4195 881 4259 carminibus
904 4193 1010 4257 effert.

272 4279 297 4318 ²¹
336 4281 423 4345 Vide
446 4280 535 4344 Rois.
560 4278 585 4366 Ξ.
609 4281 681 4345 290.

272 4366 299 4404 ²²
334 4365 470 4430 Notavit
491 4367 552 4431 boc
567 4365 700 4431 Servius
723 4365 765 4428 ad
779 4322 860 4428 ilud
877 4366 981 4448 Verg.
998 4363 1057 4430 VI.
1071 4363 1111 4428 78
1126 4364 1312 4428 excussisse

186 4451 291 4516 deum.
337 4452 562 4536 ,discussisse
585 4452 699 4536 inquit,
723 4470 785 4537 pro
808 4455 973 4534 excutere,
999 4455 1127 4535 tempus
1149 4469 1211 4535 pro
1233 4455 1312 4515 tem·
