3154 5032
793 331 834 397 26

256 543 319 608 qua
341 525 416 588 sunt
438 521 686 604 compositione,
707 522 742 586 in
762 519 912 586 oratione
935 537 1037 604 prosa
1062 518 1305 605 conjunctivum
1327 539 1376 587 re·

255 628 367 711 cipere
393 622 513 705 solent,
536 644 602 689 non
627 625 723 689 modo
752 623 1013 708 apud.0vidium
1037 628 1231 704 ceterosque
1252 628 1379 706 poetas,

255 729 315 794 sed
338 727 438 792 etiam
460 726 547 809 apud
569 727 749 810 scriptores
773 726 892 791 aetatis
916 731 1107 808 argenteae,
1131 744 1214 807 qnae
1234 726 1381 809 appella·

254 837 317 912 tur,
341 850 413 894 cum
434 828 614 895 indicativo
636 831 830 914 conjunctae
851 828 1071 893 inveniuntur.
1101 830 1277 893 Vetustate
1298 828 1383 893 enim

254 933 413 1017 temporis
439 937 557 995 natura
585 936 619 1004 01
642 932 889 1016 compositionis
922 931 1021 1000 ratio.
1036 931 1070 993 in
1101 930 1152 994 his
1185 932 1321 1002 vocibus
1348 931 1382 995 10

255 1034 454 1100 oblivionem
477 1033 568 1098 venit
590 1039 623 1098 01
647 1034 698 1099 vis
722 1053 761 1098 ac
785 1038 934 1118 potestas
956 1033 1125 1117 paullatim
1148 1038 1318 1098 attenuata
1337 1034 1383 1098 vi-

256 1137 361 1202 detur.
406 1135 536 1212 Altera,
564 1156 648 1217 quae
675 1141 727 1202 cst
757 1136 947 1219 quamvis,
976 1136 1132 1220 ‘exceptis
1162 1137 1275 1218 paucis
1301 1136 1382 1202 locis

255 1241 299 1324 (0.
319 1239 358 1302 Ρ.
380 1238 423 1302 H.
448 1238 502 1319 10,
533 1237 655 1303 18111.
684 1237 717 1319 1,
745 1238 847 1305 clv.
875 1239 910 1321 9,
946 1237 1001 1322 21)
1029 1239 1243 1303 indicativum
1277 1258 1382 1304 rece·
1449 1245 1452 1253 '

255 1340 356 1426 01111)
393 1347 427 1406 01
459 1341 590 1422 quidem
617 1341 701 1407 hunc
732 1341 862 1406 modum
895 1343 931 1406 in
961 1341 1013 1408 his
1044 1342 1196 1407 versibus
1229 1342 1381 1426 legimus:

257 1465 286 1510 0.
308 1444 346 1510 P.
368 1445 396 1508 I.
420 1443 448 1525 1,
474 1442 514 1509 15
533 1444 680 1527 quemvis
704 1464 770 1509 non
791 1451 843 1510 est
861 1446 905 1510 Π.
929 1445 963 1527 2,
986 1444 1029 1509 42
1052 1444 1199 1528 quamvis
1221 1447 1309 1510 bona
1331 1449 1382 1510 est

255 1547 299 1612 II.
323 1547 353 1629 8,
373 1546 414 1611 76
430 1546 587 1629 justaque
611 1548 757 1629 quamvis
780 1533 833 1612 'est
853 1548 914 1614 HI.
937 1549 967 1631 2,
989 1548 1031 1614 95
1051 1547 1198 1630 quamvis
1219 1547 1332 1611 abiere
1354 1547 1381 1611 I.

255 1651 286 1732 6,
307 1650 350 1716 45
364 1649 511 1732 quamvis
528 1655 580 1714 est
594 1650 654 1715 IV.
671 1648 701 1731 6,
723 1648 764 1714 31
782 1652 929 1733 quamvis
950 1670 1100 1734 pugnare
1115 1650 1269 1715 videntur
1283 1651 1340 1715 Tr.
1356 1649 1381 1713 I.

255 1753 285 1834 2,
310 1753 347 1816 11
372 1751 520 1836 quamvis
540 1752 698 1818 distemus
712 1753 757 1817 II.
772 1753 836 1820 555
850 1754 996 1837 quamvis
1012 1754 1117 1818 defuit
1137 1753 1164 1817 I.
1190 1752 1218 1833 1,
1240 1751 1382 1818 25116.

255 1855 315 1920 ΠΙ.
336 1856 366 1937 3,
390 1853 441 1920 79.
461 1854 513 1920 83.
536 1853 565 1935 1,
587 1854 617 1919 9.
645 1855 704 1920 IV.
723 1856 750 1937 1,
766 1855 818 1922 35.
840 1856 870 1940 2,
886 1855 939 1922 26.
960 1855 1009 1938 10,
1028 1853 1100 1920 113.
1122 1857 1164 1921 V.
1179 1854 1209 1937 5,
1235 1854 1284 1919 13.
1308 1854 1337 1936 7,
1351 1853 1381 1919 6.

256 1957 308 2023 31.
333 1959 363 2040 9,
389 1956 441 2023 25.

341 2060 447 2126 altera
479 2059 666 2143 conjunctio
700 2059 837 2126 forsan
869 2061 924 2126 vel
957 2061 1129 2127 forsitan
1165 2060 1262 2127 modo
1295 2059 1382 2142 quod

255 2163 397 2230 sermon’
421 2161 582 2246 vulgario
704 2183 821 2229 ancum
844 2170 904 2246 est,
925 2164 1134 2248 conjunctivo
1153 2169 1190 2227 ut
1206 2183 1235 2227 e.
1250 2163 1289 2226 P.
1304 2162 1330 2226 Ι.
1355 2160 1381 2241 1,

954 2267 996 2333 23
1072 2251 1381 2347 ,0000010010-

255 2370 323 2454 rius
347 2368 569 2453 000110110110
677 2417 684 2449 ,
766 2369 889 2434 icativo
907 2371 1024 2455 juncta
1046 2373 1106 2450 est,
1129 2374 1165 2432 ut
1187 2389 1216 2434 e.
1240 2369 1279 2432 P.
1300 2367 1327 2430 I.
1354 2367 1381 2446 l,

214 2461 297 2588 ’120
320 2470 460 2536 forsitan
483 2470 600 2555 dignus
622 2468 772 2536 habebor
785 2472 846 2537 III.
868 2472 899 2554 4,
925 2472 965 2536 12
987 2472 1128 2537 forsitan
1151 2477 1227 2536 ante
1247 2471 1309 2535 fuit
1322 2469 1380 2534 IV.

257 2576 291 2655 1,
314 2573 356 2638 21
379 2592 479 2657 rogas
503 2573 618 2638 forsan
641 2573 702 2639 IV.
727 2573 781 2656 13,
808 2573 849 2638 14
870 2574 1011 2640 forsitan
1032 2579 1153 2659 potest.
1192 2575 1250 2640 Τ1.
1273 2574 1316 2638 11.
1342 2572 1381 2636 19

256 2677 398 2742 forsitan
423 2712 466 2724 —
486 2711 531 2723 -
552 2676 639 2740 feret
655 2660 716 2741 ΙΙΙ.
738 2676 768 2758 3,
791 2675 834 2742 25
857 2678 999 2743 forsitan
1020 2678 1103 2760 agis.

620 2844 651 2911 2.
684 2847 738 2912 De
763 2849 1018 2932 conjunctivo

341 2965 466 3063 Contra
488 2987 542 3048 ea,
577 2986 661 3049 quae
684 2967 780 3033 modo
805 2969 846 3033 de
868 2989 930 3034 usu
951 2967 1124 3034 indicativi
1146 2967 1228 3048 dixi,
1262 2984 1380 3050 prono·

256 3070 344 3134 mina
353 3069 526 3134 indefinita
539 3069 744 3152 „quicunqne
757 3070 1013 3152 qualiscunque“
1026 3078 1061 3137 01
1073 3069 1260 3154 conjunctio
1276 3067 1381 3151 „sive

254 3171 310 3236 vel
333 3191 416 3254 seu,
440 3191 523 3254 quae
539 3171 671 3237 dicendi
695 3174 932 3239 consuetudine
955 3193 1027 3239 curn
1048 3173 1228 3239 indicativo
1250 3170 1381 3256 conjun-

255 3279 386 3358 guntur,
407 3293 637 3356 nonnunquam
659 3275 747 3359 apud
769 3276 920 3341 Ovidium
948 3275 1190 3361 conjunctivum
1210 3274 1382 3357 recipiunt,

255 3396 322 3442 non
344 3378 432 3459 quod
459 3383 556 3443 tenor
583 3377 741 3443 orationis
764 3377 850 3443 hunc
882 3379 1013 3443 modum
1035 3379 1197 3461 requirat,
1233 3375 1294 3441 sed
1320 3394 1381 3458 pro

253 3480 411 3544 1110011010
433 3481 552 3546 aetatis
574 3486 752 3564 argenteae
769 3501 840 3546 usn.
877 3480 1016 3563 Legitur
1030 3482 1131 3565 igitur
1154 3478 1381 3563 conjunctivus

255 3583 289 3646 in
310 3581 361 3647 his
376 3582 472 3648 locis:
496 3602 525 3646 0.
541 3581 580 3646 Ρ.
602 3583 630 3646 Ι.
645 3582 675 3664 3,
691 3582 734 3649 55
756 3601 948 3665 quocunque
973 3582 1118 3674 aspicias
1130 3583 1189 3647 IV.
1207 3581 1237 3663 8,
1262 3580 1300 3644 17
1325 3599 1382 3644 seu

254 3705 358 3769 genus
382 3685 528 3751 excutias
544 3720 585 3731 —
601 3683 671 3748 sive
693 3684 776 3750 velis
790 3683 849 3748 IV.
869 3684 918 3766 15,
946 3683 1081 3768 110110
1104 3705 1167 3768 ego
1189 3685 1249 3750 sim
1265 3701 1382 3750 census

255 3789 538 3870 quantulacunque
552 3788 609 3852 Tr.
629 3787 657 3850 1.
673 3787 703 3869 3,
728 3786 767 3851 21
792 3806 985 3869 quocunqne
1009 3788 1179 3872 aspiceres
1194 3786 1224 3870 7,
1250 3785 1290 3850 12
1306 3804 1382 3867 qua·

255 3890 429 3973 liacunque
450 3891 557 3976 legas.

341 3993 387 4058 Ut
407 3994 441 4058 in
463 3993 513 4059 his
537 3990 696 4076 exemplis
711 3991 862 4057 Ovidium
885 3992 1093 4076 conjunctivo
1116 4012 1178 4075 pro
1199 3990 1381 4056 indicativo

254 4115 347 4161 usum
368 4115 443 4161 esse
469 4095 623 4179 vidimus,
652 4095 700 4160 ita
726 4095 815 4161 idem
843 4096 957 4161 modus
981 4115 1042 4180 pro
1064 4093 1241 4176 infinitivo,
1268 4093 1323 4175 qni
1349 4092 1383 4156 10

256 4198 405 4263 oratione
432 4198 539 4264 soluto
565 4199 694 4283 positus
718 4217 793 4264 esse
823 4199 980 4281 debebat,
1013 4197 1200 4282 legentibus
1228 4195 1382 4261 occurrit.

341 4420 383 4508 ⁸⁸)
403 4441 467 4507 qno
483 4422 524 4489 de
539 4442 600 4488 usu
613 4422 747 4506 poetico
762 4421 821 4488 cfr.
835 4421 926 4490 Rois.
943 4417 1046 4507 1305.
1061 4419 1171 4487 Madv.
1183 4419 1258 4485 361.
1275 4418 1340 4484 An.
1354 4417 1383 4482 1.
