3154 5032
790 310 833 377 34

250 519 342 566 cura
371 499 428 566 Tr.
451 501 493 566 V.
518 499 547 582 1,
572 498 613 565 10
630 498 765 568 'discere
787 516 867 562 cura
889 493 948 562 tibi
971 501 1023 562 est
1055 517 1083 564 e.
1117 497 1155 562 Ρ.
1185 497 1240 565 lV.
1274 497 1304 581 3,
1336 503 1375 566 18

334 623 413 670 cura
434 602 495 668 tibi
518 603 559 667 de
582 620 646 683 quo
669 619 828 683 quaerere
849 599 939 664 nulla
962 598 1034 664 fuit.

249 705 396 772 animus
419 725 447 770 e.
466 704 504 769 P.
526 703 560 768 ll.
582 703 613 784 9,
634 701 676 770 55
691 708 790 786 utque
804 703 866 766 tibi
884 708 936 767 est
948 702 1130 773 animus-
1143 721 1235 767 arma
1249 721 1377 768 sumere

336 813 370 872 et
391 806 504 872 hostili
526 804 656 889 tingere
678 805 781 870 caede
801 824 939 870 manum.
1071 855 1073 862 .
1363 856 1366 862 .

249 908 433 993 voluptas
456 928 484 973 e.
507 906 600 973 P.11.
628 905 657 989 7,
685 907 706 972 3
728 907 941 989 subsequitur
968 905 1045 989 quid
1070 924 1151 988 agas
1179 905 1296 970 audire
1321 925 1375 970 vo·

248 1011 469 1196 impdldddsase.
492 1111 531 1176 P.
552 1109 607 1177 IV.
632 1107 661 1191 7,
683 1107 726 1174 30
747 1115 783 1174 at
804 1110 864 1174 tibi
887 1109 978 1175 venit
998 1110 1033 1174 in
1051 1108 1210 1174 adversos
1233 1109 1378 1192 impetus

248 1233 504 1382 timolde'l'vrlddd·
514 1314 544 1396 8,
567 1313 607 1380 12
627 1313 846 1396 afflictumque
869 1313 931 1379 fuit
952 1317 1062 1380 tantus
1086 1313 1178 1378 edire
1200 1313 1308 1378 timor.

250 1417 362 1484 labor
385 1419 441 1482 Tr.
460 1416 495 1483 ll.
516 1415 579 1481 322
602 1423 636 1483 et
656 1417 729 1501 pius
752 1421 804 1482 est
824 1417 953 1500 patriae
974 1415 1064 1526 iacta
1081 1415 1208 1484 referre
1229 1415 1334 1481 iabou

798 1619 840 1686 V.

333 1745 410 1809 dam
429 1760 605 1827 pergamus
621 1741 664 1806 ad
680 1761 751 1808 eum
769 1738 922 1805 infinitivi
935 1759 1037 1823 usum,
1062 1757 1125 1822 quo
1140 1740 1182 1803 ab
1195 1739 1379 1805 nominibus

250 1845 425 1930 adjectivis
440 1844 576 1928 pendet:
601 1844 655 1926 qui
677 1862 754 1908 usus
774 1842 1058 1924 frequentissimus
1077 1841 1164 1925 apud
1178 1846 1298 1924 poetas
1314 1849 1377 1907 est:

250 1948 291 2013 de
303 1967 366 2031 quo
379 1967 462 2032 quae
473 1945 707 2029 Dillenburger
718 1945 801 2009 Hor.
818 1964 845 2010 c.
856 1944 878 2008 l.
897 1945 924 2026 1,
950 1943 989 2009 18
1009 1945 1139 2026 sentiat,
1160 1942 1212 2007 hic
1225 1945 1373 2009 afferam:

250 2049 474 2133 ,Brevitatcm
498 2048 612 2132 graeci
638 2048 798 2114 sermonis
825 2048 859 2110 in
882 2046 1121 2131 conjungendis
1144 2044 1321 2130 adjectivis
1343 2051 1377 2112 et

246 2151 416 2217 infinitivis
440 2145 628 2216 felicissime
648 2151 683 2214 in
705 2170 797 2215 suum
819 2169 910 2214 usum
933 2154 1104 2215 verterunt
1126 2154 1245 2234 poetae
1270 2149 1373 2214 latini.

248 2253 332 2319 Nam
354 2274 450 2337 quum
472 2254 708 2338 adJeetivorum
729 2253 820 2317 notio
845 2272 945 2336 saepe
968 2253 1015 2316 ita
1036 2272 1131 2336 vaga
1144 2251 1187 2316 sit
1208 2257 1306 2333 atque
1333 2253 1379 2316 in·

248 2361 350 2438 certa,
383 2361 503 2438 utque
526 2355 679 2419 laudatae
705 2353 880 2419 facultates
902 2354 1101 2420 referendae
1125 2353 1200 2436 sint,
1224 2374 1374 2438 magnum

249 2459 389 2544 spatium
411 2457 580 2540 cogitandi
602 2456 816 2539 relinquatur,
839 2457 1000 2521 accedant
1021 2475 1158 2522 necesse
1182 2460 1234 2522 est
1248 2457 1378 2536 termini

248 2560 391 2644 quidam,
415 2560 458 2623 ad
478 2579 560 2642 quos
579 2577 721 2643 pergere
743 2558 802 2623 illa
818 2564 874 2622 aut
888 2559 1004 2642 quibus
1021 2577 1177 2624 coercere
1192 2558 1377 2624 credantur.

248 2660 311 2739 Qui
338 2661 468 2745 quidem
498 2661 630 2725 termini
660 2662 809 2745 apoetis
841 2661 1074 2726 infinitivorum
1105 2680 1168 2744 ope
1196 2660 1375 2742 addantur3

247 2782 369 2846 prosae
386 2763 545 2828 orationis
563 2764 742 2847 scriptores
758 2769 814 2828 aut
830 2764 877 2826 ad
900 2768 956 2828 aut
977 2764 1016 2828 in
1038 2761 1201 2848 particula
1214 2763 1375 2827 utuntur.“

248 2862 348 2947 Cujus
370 2865 622 2930 constructionis
638 2866 790 2950 exempla
804 2885 846 2930 ex
860 2866 1069 2948 carminibus,
1093 2866 1133 2942 de
1151 2864 1266 2950 quibus
1282 2885 1377 2948 quae·

249 2965 390 3030 ctionem
412 2965 619 3048 instituimus,
642 2965 726 3032 haee
750 2974 838 3032 sunt:

248 3072 383 3132 certus
406 3089 435 3134 e.
453 3067 490 3130 Ρ.
513 3068 573 3132 IV.
597 3067 627 3148 6,
650 3067 671 3131 9
693 3074 801 3134 certus
824 3089 899 3134 eras
922 3088 983 3154 pro
1005 3068 1227 3150 me—loqui.
1314 3103 1320 3108 -

249 3174 461 3234 contentus
485 3169 540 3272 Tr:
562 3169 589 3234 1.
616 3168 666 3252 10,
689 3169 710 3234 5
731 3189 793 3236 nec
808 3171 1164 3236 comites-contenta
1187 3176 1295 3237 est—
1309 3170 1375 3236 vin·

333 3289 419 3336 cere.

247 3373 384 3460 segnis
407 3373 463 3438 Tr.
486 3363 528 3439 V.
552 3373 581 3457 1,
605 3374 645 3439 19
667 3394 734 3438 non
756 3376 868 3460 segnis
891 3376 971 3442 dare
994 3374 1141 3441 vulnera.

250 3475 389 3539 doctus
413 3495 441 3540 e.
455 3475 493 3541 P.
516 3477 559 3542 Π.
584 3477 614 3559 9,
638 3475 679 3542 57
694 3482 730 3541 ut
744 3498 779 3543 es
792 3478 985 3562 -jaculum
998 3482 1154 3562 torquere
1167 3514 1211 3526 -
1226 3477 1375 3562 collaque

331 3575 465 3642 flectere
488 3578 604 3644 doctus
628 3579 713 3661 equi.

246 3682 390 3761 potens
414 3678 554 3743 Tr.·III.
577 3680 607 3761 8,
631 3680 671 3745 15
692 3679 749 3744 ille
769 3685 889 3763 potens
911 3689 1102 3766 pennasque
1116 3681 1178 3746 tibi
1198 3702 1376 3765 sumusque

332 3780 484 3848 volucres
506 3781 651 3852 tradere.
1261 3787 1262 3792 ’

246 3881 404 3947 nescius
428 3902 457 3947 e.
480 3883 518 3948 P.
547 3883 589 3950 II.
613 3884 642 3967 9,
665 3883 708 3950 45
739 3885 799 3952 sod
836 3903 932 3968 quam
957 3885 1065 3954 Marte
1095 3886 1192 3952 ferox
1221 3891 1255 3952 et
1289 3884 1377 3952 vinci

332 3999 465 4049 neecrus
487 3986 597 4051 armis.

247 4085 389 4169 dignus
411 4106 439 4152 e.
460 4087 498 4152 Ρ.
519 4087 545 4152 Ι.
568 4086 605 4170 5,
626 4086 664 4151 16
691 4087 792 4172 digna
812 4086 872 4152 lini
890 4087 920 4170 3,
941 4087 983 4154 32
999 4088 1079 4153 dare
1096 4087 1214 4172 dignus
1230 4090 1275 4155 ΙΙ.
1292 4091 1321 4172 6,
1334 4088 1377 4155 30

332 4189 451 4272 dignus
483 4189 605 4255 habere
639 4189 754 4266 1116,
779 4188 817 4255 31
843 4190 947 4273 mergi
969 4227 1008 4238 -
1032 4191 1134 4273 digna
1160 4192 1216 4257 Tr.
1245 4193 1289 4256 II.
1313 4192 1372 4257 241

275 4298 278 4303 ’
333 4290 434 4374 digna
448 4290 516 4376 legi
531 4291 592 4356 ΠΙ.
608 4290 639 4375 4,
651 4291 693 4356 43
709 4292 887 4358 decurrere
898 4329 942 4342 -·
953 4293 1072 4375 dignus
1089 4296 1123 4357 et
1138 4292 1202 4358 frui
1216 4294 1276 4359 IV.
1289 4295 1320 4376 8,
1336 4293 1377 4359 14

334 4412 459 4480 ponere
482 4393 600 4478 dignus
628 4395 671 4460 V.
695 4394 745 4477 10,
766 4393 807 4460 51
831 4394 1168 4479 perdere-dignus.
