3154 5032
789 349 845 414 ’18

261 538 315 604 Sic
341 537 480 620 legimus
511 556 537 600 e.
563 539 599 601 P.
626 537 669 601 ΙΙ.
697 536 727 618 2,
759 536 796 599 11
824 555 886 601 nec
914 555 975 600 nos
1001 533 1160 599 Enceladi
1192 533 1389 598 dementia

262 646 392 705 castra
415 639 519 702 secuti
532 639 576 703 ΙΙ.
592 639 622 720 8,
637 639 680 702 24
696 640 885 723 justaque
907 638 1074 702 vindictae
1090 637 1256 720 supprime
1278 637 1390 701 frena

260 748 336 807 tuae
348 742 392 806 II.
404 742 434 821 8,
446 739 490 803 40
502 741 679 805 Germania
691 746 767 806 ante
790 739 1388 824 triumphantes-feraturequos.

258 845 285 909 I.
302 844 351 925 10,
368 843 410 907 29
423 860 487 905 non
502 879 545 890 -
561 842 765 909 immodico
790 844 939 908 contraxi
953 843 1071 906 damna
1085 843 1215 926 Lyaeo
1230 843 1289 907 ΙΙΙ.
1305 843 1334 924 6,
1348 841 1388 906 27

259 946 414 1030 Juppiter
428 980 468 991 —
485 947 698 1010 temerario
721 946 884 1010 fulmina
904 951 1037 1028 torquet
1049 946 1110 1010 IV.
1123 944 1152 1026 9,
1170 943 1231 1007 132
1253 965 1389 1009 nornen

140 1049 143 1054 ’
261 1049 352 1112 mite
374 1047 533 1132 parentis.
554 1049 611 1112 Tr.
631 1048 656 1111 1.
679 1049 709 1129 3,
734 1048 772 1112 16
791 1069 853 1132 per
876 1049 1058 1130 indignas
1074 1084 1111 1094 -
1125 1047 1309 1130 genasss.
1326 1047 1389 1112 389

260 1151 342 1215 fecit
363 1171 454 1214 amor
478 1150 627 1214 subitas
651 1150 835 1215 volucres
858 1151 917 1216 IV.
944 1151 970 1231 1,
998 1149 1056 1214 101
1078 1169 1209 1214 manus
1234 1151 1388 1214 demens

260 1253 320 1316 IV.
345 1251 374 1332 2,
398 1251 440 1316 20
462 1251 570 1315 vincla
594 1253 869 1335 captiva-cervice
893 1258 1057 1336 gerentes.

344 1371 583 1453 Nonnunquam
611 1371 785 1454 adjectiva,
819 1374 936 1456 quibus
964 1371 1098 1455 passiva
1125 1372 1323 1454 significatio
1343 1378 1388 1435 at-

259 1474 435 1538 tribuenda
454 1479 514 1554 est,
534 1474 582 1536 ita
600 1475 711 1557 posita
730 1475 921 1558 invenimus,
939 1477 972 1539 in
988 1475 1104 1556 quibus
1118 1473 1176 1537 illa
1191 1472 1388 1558 significatio

261 1595 333 1639 cnm
357 1577 466 1640 activa
490 1582 687 1640 commutata
709 1583 912 1662 compareat:
938 1577 1029 1659 cujus
1053 1577 1103 1640 rei
1124 1577 1158 1639 in
1181 1576 1388 1656 carminibus,

263 1678 437 1760 dequibus
461 1679 579 1762 agitur,
602 1679 684 1744 haec
704 1679 855 1769 exempla
874 1678 957 1761 legi:
980 1699 1006 1743 e.
1023 1679 1061 1744 P.
1076 1678 1120 1742 II.
1134 1677 1165 1758 4,
1187 1678 1228 1742 23
1242 1699 1308 1742 non
1326 1697 1388 1760 ego

261 1781 290 1846 si
312 1781 444 1845 biberes
469 1801 634 1846 securae
658 1782 776 1866 pocula
796 1779 917 1845 Lethes
942 1817 980 1826 -
994 1817 1037 1828 -
1051 1819 1099 1860 -,
1121 1781 1177 1844 ubi
1191 1781 1389 1863 adJectivum

260 1885 451 1970 „securus“,
481 1883 678 1965 quodcum,
709 1885 763 1965 qui
789 1884 860 1948 sine
886 1903 964 1946 cura
991 1890 1056 1966 est,
1085 1883 1271 1966 significare
1295 1883 1388 1963 solet,

259 1986 337 2049 mihi
360 1987 489 2068 quidem
513 2005 595 2065 eum,
619 1987 672 2067 qui
696 2006 791 2050 curas
814 2006 879 2050 non
903 1986 1035 2068 excitat,
1059 1986 1113 2068 qui
1137 1986 1249 2066 efficit,
1272 1992 1307 2048 ut
1330 1985 1385 2048 ali·

260 2089 332 2171 quis
356 2089 426 2153 sine
449 2108 528 2152 cura
552 2089 605 2169 sit,
628 2088 774 2153 indicare
797 2090 935 2169 videtur,
959 2089 1047 2171 quod
1065 2109 1084 2152 a
1099 2094 1253 2153 contextu
1269 2088 1387 2152 oratio-

261 2190 311 2254 nis
335 2191 475 2254 activam
498 2189 771 2273 significationem
785 2192 947 2274 postulari
966 2197 1056 2274 puto.
1090 2191 1289 2273 Quamquam
1305 2211 1387 2274 quae

261 2293 301 2357 de
324 2293 381 2357 illo
405 2294 569 2376 adjectivo
594 2293 741 2374 sentiam,
768 2293 880 2358 nescio
904 2314 945 2357 an
967 2314 1048 2358 vera
1070 2294 1151 2374 sint,
1173 2299 1283 2357 tamen
1305 2315 1334 2357 v.
1359 2313 1387 2357 e.

259 2394 297 2459 P.
320 2393 364 2458 11.
388 2395 416 2476 7,
440 2395 481 2460 33
505 2415 588 2478 quae
611 2395 670 2459 tibi
694 2396 721 2460 si
744 2397 901 2460 memori
923 2416 1024 2461 coner
1046 2417 1107 2480 per
1129 2397 1274 2460 scribere
1290 2415 1387 2460 versu

259 2531 303 2544 -
317 2531 357 2542 -
374 2497 571 2580 adJ'ectivum
594 2499 759 2580 „memor“
779 2498 843 2561 nisi
866 2499 973 2562 active
997 2500 1127 2563 omnino
1150 2517 1216 2562 non
1239 2497 1389 2580 intellegi

179 2638 186 2646 .
260 2617 359 2681 posse
381 2600 458 2663 mihi
472 2601 613 2664 videtur.
646 2600 739 2664 Idem
754 2621 774 2663 a
790 2600 921 2665 Klotzio
939 2621 1066 2683 quoque
1081 2602 1115 2664 in
1133 2600 1198 2665 len.
1222 2601 1281 2664 sub
1305 2618 1387 2663 voce

261 2703 426 2781 „memor“
455 2701 678 2766 confirmatum
712 2703 838 2784 inveni,
872 2704 927 2767 ubi
959 2702 1052 2787 hujus
1079 2701 1327 2786 significationis
1355 2705 1389 2764 et

259 2803 325 2866 alia
349 2804 529 2887 compluria
553 2805 703 2888 exempla
724 2825 764 2868 ex
788 2803 906 2867 Ouidio
931 2803 1027 2868 affert
1046 2810 1080 2869 et
1101 2809 1259 2869 nostrum.

648 3043 678 3108 2.
701 3045 756 3108 De
779 3044 1001 3126 negatione.

345 3195 545 3280 Saepissime
567 3196 703 3261 Ovidius
727 3198 846 3262 abusu
867 3196 997 3280 vulgari
1018 3197 1192 3262 discedens
1216 3197 1386 3280 particulis

261 3300 424 3382 negativis
451 3319 539 3381 „non
561 3300 643 3363 nec“
670 3318 816 3383 pro„,ne
836 3300 941 3365 nevc“
965 3319 1042 3364 usus
1065 3304 1125 3381 est,
1153 3305 1188 3363 ut
1208 3301 1387 3384 praecipue

346 3420 418 3465 cum
439 3401 692 3485 imperativo:
718 3422 745 3466 e.
768 3402 805 3469 Ρ.
826 3403 852 3468 I.
874 3403 903 3483 9,
926 3400 968 3464 24
992 3401 1064 3465 vive
1086 3406 1147 3466 nec
1171 3438 1211 3449 -
1233 3423 1321 3486 nega
1341 3402 1386 3465 ΙΙ.

261 3503 291 3583 2,
316 3502 333 3566 7
358 3502 494 3585 perlege
517 3523 578 3567 nec
599 3503 715 3586 relega
737 3504 766 3585 2,
790 3504 831 3568 37
854 3505 897 3566 da
919 3521 1038 3585 precor
1060 3539 1103 3549 —
1125 3524 1186 3569 neo
1209 3505 1293 3569 abde
1314 3505 1340 3569 I.
1357 3503 1386 3585 2,

264 3604 325 3670 103
346 3625 412 3668 non
432 3605 536 3688 petito
559 3604 620 3669 ΙΙΙ.
646 3607 672 3686 l,
696 3606 737 3670 89
760 3625 821 3670 neo
844 3605 921 3668 mihi
945 3624 1102 3669 succense
1125 3605 1155 3688 2,
1178 3606 1236 3670 141
1255 3625 1317 3672 nec
1340 3606 1386 3669 fa·

261 3712 348 3771 ctum
371 3704 512 3772 defende
535 3706 591 3771 Tr.
614 3706 640 3770 I.
670 3708 696 3788 1,
719 3707 761 3772 59
783 3727 844 3772 neo
872 3713 904 3770 te
928 3705 1042 3770 venire
1066 3713 1146 3790 puta
1174 3709 1216 3772 Π.
1245 3709 1301 3774 181
1327 3727 1387 3772 nec

260 3845 303 3854 —
324 3810 491 3874 immemor
512 3809 657 3872 —tolle
680 3807 739 3872 lV.
763 3811 793 3892 3,
819 3810 858 3874 16
881 3827 947 3872 non
969 3809 1069 3874 refer.

346 3920 413 3975 turn
436 3932 508 3976 cum
531 3910 796 3994 conjunctive,
827 3913 881 3993 qui
902 3911 977 3976 loco
1003 3911 1228 3995 imperativi
1251 3913 1385 3976 dicitnr:

261 4004 418 4078 e.'P.11.
442 4015 472 4094 6,
503 4013 541 4077 13
565 4014 608 4076 da
633 4013 788 4078 lasso-
810 4033 871 4078 nec
896 4015 1019 4098 pudeat
1040 4015 1099 4079 IV.
1127 4013 1174 4096 10,
1203 4013 1240 4077 21
1269 4020 1387 4080 noctu
1428 4101 1431 4106 Ι

260 4115 438 4178 contuleris
462 4116 517 4178 Tr.
543 4113 582 4178 V.
611 4113 657 4195 14,
680 4114 722 4180 43
745 4135 806 4180 nec
832 4117 1024 4181 credideris.

346 4217 488 4299 denique
504 4237 574 4280 curn
591 4214 811 4300 conjunctive,
836 4219 890 4299 qui
910 4219 1109 4301 optativus
1133 4217 1331 4302 appellatur,
1352 4222 1388 4279 ut

260 4338 288 4383 e.
310 4318 347 4382 P.
370 4318 396 4382 I.
418 4319 448 4398 2,
471 4317 530 4382 106
552 4339 613 4384 nec
635 4321 757 4383 adimat
772 4307 801 4401 2,
825 4320 884 4384 108
899 4339 959 4382 nec
974 4325 1163 4402 premantur
1186 4321 1241 4400 Tr,
1257 4319 1284 4382 I.
1302 4321 1329 4400 1,
1346 4318 1388 4384 50

259 4440 321 4486 nec
342 4421 403 4484 tibi
426 4421 470 4486 sit
482 4421 599 4504 pudor.
616 4442 644 4486 e.
660 4421 698 4486 P.
712 4421 738 4487 1.
754 4421 783 4503 5,
799 4420 841 4485 28
863 4427 960 4503 atque
984 4421 1107 4485 utinam
1128 4441 1194 4485 non
1210 4421 1385 4486 nocuisset.
