3154 5032
789 289 830 360 28

250 481 306 548 dic
331 501 393 566 pro
418 483 583 568 particula
606 481 850 566 interrogativa
881 481 997 564 ‚,num“
1029 481 1177 565 ponitur,
1210 487 1248 546 ut
1278 501 1309 547 a.
1342 480 1381 546 P.

255 583 299 650 H·
324 584 487 770 7pirdrima
509 686 730 770 subsequitur,
755 687 833 770 quid
854 705 935 770 ages
958 684 1073 752 sudus
1096 687 1250 772 voluptas

422 796 456 854 et
478 790 516 872 si,
540 789 699 874 quidquid
720 789 804 874 agis,
827 790 873 854 sit
893 789 955 853 tibi
977 807 1056 854 eure
1079 787 1200 874 mei.⁸⁶)

622 994 654 1060 3.
687 993 743 1060 De
765 959 1012 1077 imperativo

343 1129 374 1192 Α
397 1129 505 1212 poetis
520 1127 717 1212 imperativo
732 1127 822 1194 hisee
854 1147 950 1212 „aga
974 1123 1074 1211 agite,
1097 1145 1139 1191 en
1155 1128 1240 1210 ege“
1277 1125 1388 1211 adjun-

249 1229 322 1312 ctis,
344 1231 396 1296 vis
419 1227 546 1296 adferri
572 1231 671 1314 solet,
695 1237 731 1296 ut
745 1231 833 1316 apud
848 1230 989 1296 Ovidum
1010 1230 1046 1294 in
1070 1249 1101 1294 v.
1116 1249 1145 1295 e.
1159 1225 1273 1304 mv.
1295 1229 1326 1311 3,
1346 1227 1384 1292 21

248 1338 306 1398 aut
326 1351 390 1417 age
413 1327 466 1398 dic
481 1369 523 1380 -
549 1351 647 1416 quae¹

339 1433 488 1500 Omnium
516 1441 688 1520 poetarum
711 1431 880 1520 proprium
907 1440 972 1516 est,
1007 1435 1019 1498 i
1046 1451 1149 1500 nunc
1179 1433 1385 1518 imperativis

251 1556 471 1621 praeponere,
497 1545 534 1602 ut
554 1538 663 1603 ironia
685 1539 846 1620 quaedam
869 1535 1081 1621 exprimatur,
1102 1543 1137 1600 ut
1154 1557 1182 1601 e.
1197 1533 1236 1601 P.
1251 1533 1278 1602 Ι.
1296 1535 1326 1618 3,
1342 1535 1382 1599 61

247 1639 259 1702 i
279 1657 364 1704 nune
390 1645 424 1705 et
445 1647 595 1706 veterum
618 1641 713 1706 nobis
737 1639 890 1724 exempla
912 1640 1058 1704 virorum
1079 1675 1121 1686 -
1144 1671 1185 1686 -u
1207 1639 1308 1704 refer.
1324 1639 1385 1704 IV·

249 1743 280 1824 3,
303 1742 345 1808 53
368 1743 389 1825 i,
417 1744 503 1826 bibe,
528 1744 694 1824 dixissem,
715 1749 897 1827 purgantes
919 1749 1057 1825 pectora
1080 1729 1187 1807 sucos.
1227 1743 1284 1807 Tr.
1307 1741 1333 1806 I.
1356 1739 1385 1822 1,

250 1845 511 1911 nassamones
533 1865 593 1929 pro
617 1863 668 1910 me
691 1851 727 1909 ιιι
750 1877 791 1891 *-
814 1846 927 1929 aspice
949 1843 1096 1912 Romam.

337 1943 521 2014 Praeterea
549 1953 670 2031 poetae
702 1967 804 2032 saepe
831 1948 1060 2032 imperativum
1083 1947 1157 2013 aliis
1183 1947 1310 2027 verbis,
1336 1951 1384 2010 ut:

250 2039 418 2133 ,‚mittere,
443 2050 595 2116 omittere
617 2068 756 2135 parcere
782 2051 921 2134 fugere“
951 2051 1133 2136 explicant:
1166 2049 1223 2116 Tr.
1245 2049 1306 2114 111.
1331 2050 1382 2130 11,

247 2153 289 2217 32
317 2172 420 2236 parce
442 2190 483 2200 —
506 2173 619 2220 manes
643 2153 824 2218 sollicitare
847 2150 947 2220 meos.
1007 2208 1010 2213 ,
1293 2181 1294 2184 ’

335 2253 452 2338 Neque
475 2275 555 2321 vero
570 2255 784 2321 omittendum
799 2257 940 2339 videtur,
963 2256 1126 2338 Ovidium,
1149 2255 1383 2340 ubi-eonjunc-

249 2357 337 2422 tirus
361 2374 403 2421 ex
417 2357 547 2441 vulgari
568 2356 697 2423 ratione
720 2359 852 2424 dicendi
874 2360 1046 2444 ponendus
1066 2363 1148 2440 erat,
1171 2359 1304 2442 saepius
1328 2359 1383 2422 im·

250 2461 404 2542 perativo
428 2480 499 2523 cum
523 2461 701 2544 negatione
725 2462 900 2545 conjuncto
934 2483 1027 2526 usum
1049 2481 1138 2526 esse:
1173 2481 1268 2545 quem
1290 2478 1383 2526 usum

249 2561 429 2646 Servius⁸⁷)
457 2561 623 2646 poeticum
646 2583 721 2629 esse
742 2570 847 2648 putat.
891 2562 1103 2648 Reisigius³⁸)
1125 2563 1213 2628 idem
1235 2563 1384 2628 sentiens

249 2665 334 2730 inune
356 2685 458 2747 nsum,
482 2665 656 2731 dummodo
676 2666 761 2730 alter
782 2667 998 2750 imperativus
1012 2666 1102 2732 nulla
1121 2667 1316 2751 praeposita
1329 2685 1384 2730 ne·

250 2768 383 2850 gatione
407 2767 594 2849 antecedat,
617 2768 652 2832 in
673 2769 824 2834 oratione
839 2789 969 2851 quoque
991 2789 1093 2852 prosa
1115 2768 1258 2834 inveniri
1280 2768 1383 2832 addit

249 2869 357 2948 Quare
381 2876 522 2953 excepta
543 2871 721 2954 negatione
745 2871 910 2955 exempla,
934 2891 1018 2954 quae
1041 2871 1223 2956 proferam,
1247 2891 1313 2936 non
1335 2870 1383 2934 ita

249 2973 333 3044 mira
358 2973 571 3038 videbuntur:
605 2993 636 3038 e.
658 2973 696 3036 P.
718 2974 745 3038 I.
769 2973 804 3056 9,
839 2972 883 3036 24
906 2973 981 3038 vive
1013 2993 1076 3040 nee
1102 2974 1231 3058 ignosci
1258 2979 1294 3038 tu
1319 2974 1382 3037 tibi

251 3093 354 3157 posse
375 3094 474 3158 nega.
497 3074 540 3138 II.
563 3074 594 3157 2,
620 3073 638 3136 7
661 3076 798 3158 perlege
819 3094 881 3140 neo
896 3077 1012 3160 relega
1032 3074 1062 3158 2,
1085 3075 1127 3140 37
1151 3077 1194 3142 da
1207 3113 1250 3124 —
1263 3095 1325 3142 nec
1340 3112 1383 3122 -

252 3176 338 3242 abde
365 3177 471 3242 forem
490 3177 550 3241 IV.
575 3175 625 3258 16,
647 3175 690 3242 48
711 3176 827 3242 desine
846 3197 911 3243 neu
932 3178 1061 3257 cineres
1085 3199 1219 3262 sparge.
1242 3215 1283 3226 -

249 3277 301 3342 illi
325 3267 411 3346 ¹sane
443 3279 511 3344 loci
541 3279 679 3344 notandi
707 3285 792 3360 sunt,
827 3279 944 3362 quibus
975 3280 1065 3346 nullo
1094 3280 1160 3344 aiio
1185 3279 1381 3364 imperativo

250 3380 474 3464 praecedente
502 3382 718 3467 imperativus
741 3402 813 3447 cnm
834 3382 1012 3466 negatione
1036 3382 1228 3467 conjunctus
1249 3384 1381 3466 legitur,

248 3487 285 3546 ut
307 3502 336 3546 e.
355 3483 393 3546 P.
411 3483 472 3549 HI.
498 3486 526 3567 1,
551 3484 612 3549 147
626 3505 689 3550 nee
711 3484 833 3550 iactum
857 3484 999 3549 defende
1019 3505 1135 3550 meum.
1158 3487 1213 3550 Tr.
1232 3486 1259 3550 I.
1285 3487 1313 3568 1,
1337 3485 1379 3550 59

248 3603 311 3650 nee
332 3589 366 3648 te
389 3617 432 3632 -
454 3591 534 3667 puta
555 3587 599 3651 11.
627 3585 687 3653 181
712 3606 774 3652 nec
799 3587 967 3652 immemor
989 3586 1070 3652 tolle
1097 3587 1158 3652 111.
1187 3586 1220 3668 1,
1249 3586 1269 3650 3
1297 3607 1380 3654 neve

248 3685 428 3751 reformida
448 3685 480 3770 4,
504 3685 544 3750 76
566 3707 651 3753 neve
675 3693 796 3772 negate
817 3689 878 3755 IV.
899 3689 930 3773 4,
952 3687 993 3752 41
1017 3709 1103 3755 neve
1125 3689 1295 3774 rumpe.³⁹)
1317 3727 1358 3738 -

336 3943 349 3984 ⁸
397 3943 485 4008 Vide
508 3943 618 4008 Madv.
641 3941 715 4008 Lat.
737 3942 813 4028 Spr.
837 3944 865 4032 Ξ.
888 3940 965 4012 462.
990 3946 1022 4012 d.
1044 3944 1072 4032 p.
1092 3945 1166 4012 463.
1189 3947 1253 4010 An.
1276 3945 1307 4028 2,
1327 3943 1358 4008 6.

335 4029 348 4068 ³
398 4028 442 4093 ad
463 4030 568 4112 Verg.
594 4029 655 4094 VI.
678 4026 753 4093 544.

336 4113 375 4190 ³⁸)
396 4112 425 4198 ξ.
448 4112 521 4178 333.
544 4135 577 4198 p.
600 4113 674 4179 607.

334 4197 375 4284 ⁸⁹)
396 4199 550 4264 Merkelii
572 4201 804 4266 auctoritatem
832 4207 963 4268 secutus
993 4221 1073 4266 sum.
1117 4201 1235 4266 Heius.
1260 4199 1380 4265 edidit:

246 4306 354 4439 „pepe
364 4285 550 4438 pumppp“;
575 4287 663 4371 quod
685 4308 753 4353 non
775 4287 949 4356 invenuste
966 4287 1087 4354 dictum
1110 4306 1185 4354 esse
1199 4285 1381 4352 Merkelius

248 4393 269 4440 a
335 4421 343 4439 .
380 4419 388 4438 .
410 4391 456 4456 pu
471 4391 515 4438 a.
