3154 5032
718 366 755 430 13

257 559 375 623 Altera
397 557 535 623 ablativi
561 556 767 640 significatio,
792 575 875 638 quae
899 576 945 621 er¹
962 555 1025 621 illa
1043 577 1171 640 quoque
1191 548 1301 641 primi·

171 662 241 726 tiva
256 661 288 724 vi
303 666 442 741 emanat,
456 659 634 724 intercedit
645 658 732 722 inter
747 659 997 722 instrumentum
1011 665 1044 723 et
1059 679 1129 723 rem
1141 659 1300 723 effectam.

60 782 76 806 ¹·
171 763 361 848 Cujusmodi
383 761 530 840 ablativi,
567 779 760 843 quamquam
782 762 810 826 si
832 761 978 826 homines
1007 766 1082 826 sunt
1104 761 1297 826 instrumen-

172 873 248 946 tum,
276 865 411 929 Latinos
441 884 506 927 non
534 862 685 926 absoluto
712 863 867 945 ablativo,
902 865 962 928 sed
984 864 1230 948 praepositione
1254 864 1301 926 ab

11 999 13 1008 =
90 1039 95 1048 ,
172 989 248 1032 usos
271 987 345 1032 esse
367 987 464 1032 nemo
487 966 603 1046 nescit,
637 970 746 1028 tamen
770 966 858 1048 apud
888 972 1004 1049 poetas
1034 967 1122 1032 solos
1152 965 1303 1048 exempla

151 1071 395 1150 ‘inveniuntur3
425 1074 460 1132 ut
481 1067 568 1150 apud
584 1065 735 1129 Ovidium
758 1065 839 1130 haec
859 1065 1014 1149 legimus:
1038 1088 1066 1132 e.
1090 1069 1127 1132 P.
1150 1068 1211 1132 III.
1238 1069 1300 1149 1,1

173 1191 297 1254 aequor
319 1171 458 1235 Jasonio
492 1168 653 1252 pulsatum
688 1168 813 1251 remige
839 1168 900 1233 IV.
926 1169 956 1250 9,
986 1169 1028 1233 82
1063 1189 1158 1252 quam
1192 1169 1301 1234 vicino

172 1279 300 1337 terrear
324 1271 420 1338 hoste
439 1291 532 1354 roga.
570 1270 625 1332 Tr.
648 1268 708 1332 IV.
728 1269 757 1349 2,
781 1267 823 1334 35
845 1270 902 1334 illo
924 1307 965 1316 —
988 1277 1130 1334 mactata
1152 1271 1301 1335 ministro

174 1375 215 1438 ef.
240 1375 320 1440 Hor.
345 1395 373 1439 c.
393 1375 419 1439 I.
443 1374 473 1454 6,
497 1372 517 1435 2
539 1392 590 1454 ep.
614 1371 639 1434 Ι.
667 1371 693 1451 l,
717 1370 759 1434 94
782 1377 843 1435 sat.
868 1372 913 1435 Il.
938 1373 966 1453 1,
990 1369 1043 1436 84.

261 1477 385 1541 Contra
399 1495 439 1540 ea
454 1473 734 1558 praepositionem
757 1474 803 1536 ab
817 1473 1009 1556 invenimus,
1034 1475 1089 1539 ubi
1103 1475 1136 1537 iu
1151 1475 1302 1539 oratioue

174 1579 322 1660 pedestri
339 1577 501 1643 ablativus
517 1574 724 1640 instrumenti
739 1576 793 1656 qui
809 1574 927 1638 dicitur
941 1576 994 1640 vel
1010 1577 1214 1660 praepositio
1229 1596 1302 1660 per

174 1679 361 1763 ponitur¹⁶),
393 1687 428 1744 ut
454 1701 483 1744 e.
513 1679 551 1742 P.
578 1678 603 1740 l.
627 1677 657 1758 2,
685 1676 727 1740 52
754 1676 850 1759 pejor
873 1679 914 1740 ab
938 1679 1106 1742 admonita
1136 1678 1173 1742 fit
1196 1684 1302 1743 status

173 1782 199 1846 l.
226 1781 256 1862 2,
283 1783 342 1845 108
370 1781 826 1864 aScythiea-premantur
849 1778 943 1844 humo
973 1779 1003 1861 5,
1028 1779 1069 1845 83
1098 1781 1203 1845 sterili
1232 1801 1303 1846 cum

174 1883 234 1948 sim
256 1884 413 1968 deceptus
438 1885 479 1947 ab
504 1902 584 1946 arvo
607 1883 668 1947 Ill.
695 1882 721 1963 1,
745 1880 784 1946 51
808 1882 917 1946 notior
943 1881 1049 1974 lactus
1077 1887 1129 1948 est
1157 1882 1302 1947 afulmiss

172 1986 223 2050 nis
246 1985 313 2050 ictu
333 1985 393 2052 IV.
416 1983 447 2067 4,
469 1983 513 2049 24
538 1984 650 2068 pulsus
666 2003 741 2047 -a
766 2002 861 2048 sacro
884 2004 996 2050 mense
1020 1985 1084 2070 erit
1103 1986 1164 2051 IV.
1189 1983 1238 2068 14,
1265 1985 1303 2051 18

173 2087 301 2172 plectar
324 2089 374 2153 ab'
388 2087 533 2173 ingenio.
567 2088 623 2151 Tr.
639 2087 682 2151 ΙΙ.
698 2085 739 2152 28
752 2086 811 2151 fiat
825 2087 866 2152 ab
881 2087 1015 2172 ingenio
1032 2086 1163 2153 mollior
1181 2088 1224 2154 II.
1239 2081 1303 2154 462

173 2190 290 2256 fallere
313 2177 355 2257 ab
378 2196 449 2256 arte
470 2190 529 2256 IV.
554 2188 583 2272 2,
606 2190 647 2253 41
676 2189 776 2254 viridi
802 2189 886 2255 male
912 2195 1019 2255 tectus
1043 2192 1085 2254 ab
1108 2191 1185 2257 ulva
1206 2190 1237 2275 3,
1261 2191 1304 2257 30

177 2295 218 2358 ab
241 2314 303 2359 axe
325 2293 408 2378 rapi.

259 2391 387 2461 Deinde
415 2395 443 2460 si
471 2395 529 2459 illa
552 2392 719 2479 generalis
736 2395 873 2459 ablativi
896 2394 982 2459 ratio
1006 2395 1048 2459 ad
1069 2396 1177 2482 locum
1200 2399 1302 2464 refer-

172 2505 235 2581 tur,
263 2498 465 2582 significatur

262 2599 293 2684 l)
315 2601 408 2666 locus
430 2601 516 2664 unde
541 2600 619 2683 quid
641 2599 879 2682 proficiscatur,
900 2608 936 2662 ut
957 2600 1088 2665 omnino
1102 2621 1169 2665 non
1190 2599 1304 2666 mirum

60 2704 63 2708 '
174 2702 334 2784 videatur,
370 2702 458 2784 quod
480 2702 568 2785 apud
590 2701 741 2764 Ovidium
766 2706 799 2764 et
826 2701 909 2766 alios
938 2708 1057 2784 poetas
1086 2723 1151 2777 nun
1185 2704 1304 2769 desunt

173 2804 287 2885 verba,
312 2823 395 2886 quae
420 2823 614 2886 quamquam
636 2804 669 2866 in
692 2823 794 2887 prosa
816 2805 967 2868 oratione
991 2823 1062 2868 cum
1085 2807 1302 2888 praepositio·

173 2904 269 2969 uibus
285 2894 334 2970 ex
356 2926 386 2987 a,
410 2906 451 2969 de
468 2905 661 2989 junguntur,
685 2906 788 2970 solum
808 2906 989 2970 ablativum
1011 2907 1187 2989 recipiant5
1211 2913 1259 2970 ut:

260 3009 395 3072 venire
419 3027 447 3072 e.
471 3007 509 3072 P.
531 3007 591 3072 ΙΙΙ.
615 3007 644 3089 2,
669 3006 710 3071 79
732 3028 796 3089 qua
812 3029 871 3073 vos
888 3013 997 3072 tamen
1012 3009 1093 3072 urbe
1108 3009 1302 3072 venitisl*

175 3127 269 3190 quem
306 3109 484 3175 ablativum
521 3111 608 3194 apud
642 3116 761 3194 poetas
800 3127 1033 3192 nonnunquam
1068 3110 1135 3191 legi
1173 3111 1298 3174 Madvi-

174 3209 292 3295 gius¹⁷l
317 3212 426 3278 docet.

259 3313 368 3378 abire
392 3316 448 3378 Tr.
469 3314 530 3377 HI.
553 3314 583 3390 b,
608 3313 650 3378 20
676 3315 866 3396 pectoribus
882 3349 923 3358 -
937 3333 1002 3376 non
1025 3314 1155 3404 abitura
1177 3315 1258 3378 meis

259 3414 414 3488 mittere
437 3418 493 3481 Tr.
509 3416 551 3481 V.
570 3414 618 3496 12,
641 3414 682 3479 25
697 3415 784 3478 inter
801 3414 991 3477 carceribus
1006 3415 1123 3478 missos
1137 3449 1177 3460 -
1189 3435 1302 3498 equos

260 3534 423 3598 surgere
447 3518 503 3582 Tr.
526 3519 586 3583 ΙΙΙ.
610 3517 639 3599 4,
666 3516 704 3581 18
730 3521 766 3578 ut
792 3520 881 3579 tacta
908 3534 1045 3598 surgere
1066 3516 1174 3598 possit
1196 3518 1303 3584 humo.

261 3633 414 3680 manare
438 3619 494 3684 Tr.
515 3619 576 3684 ΙΙΙ.
600 3619 629 3700 6,
656 3619 695 3682 19
715 3624 829 3682 nostro
844 3652 886 3665 —
905 3617 1009 3682 imber
1024 3618 1159 3684 Lumine
1181 3628 1302 3686 manat.

260 3715 372 3780 exire
398 3717 485 3796 quod
505 3738 700 3802 quamquam
727 3726 763 3783 ut
789 3720 898 3782 omnia
919 3721 1023 3784 verba
1045 3721 1238 3785 discedendi
1260 3724 1302 3785 ab

174 3817 285 3900 aliquo
326 3818 400 3884 loco
437 3837 507 3882 cum
540 3841 679 3904 praepp.
714 3842 756 3886 ex
786 3822 827 3884 ab
852 3822 892 3884 de
927 3823 1190 3905 conjungendum
1219 3831 1301 3906 erat,

173 3925 282 3985 tamen
303 3922 345 3984 ab
361 3921 479 3986 Ovidio
504 3929 538 3984 et
559 3941 630 3986 cum
651 3923 723 3987 solo
738 3924 894 4005 ablativo,
918 3924 1005 4006 quod
1024 3924 1192 3990 rarissime
1215 3925 1303 4010 sitm),

173 4025 209 4085 ut
231 4041 259 4086 e.
287 4021 325 4088 P.
348 4023 408 4090 III.
436 4024 463 4106 1,
494 4023 555 4089 180
584 4031 682 4088 exeat
709 4027 920 4092 adversane
948 4031 1005 4088 tua
1034 4025 1130 4090 navis
1154 4046 1240 4108 aqua
1260 4065 1302 4075 —

174 4175 380 4192 *a*

264 4261 854 4389 {meQfflwt

265 4351 303 4543 d
323 4348 630 4524 lrabeat-tlt
651 4351 770 4526 lbet
791 4435 855 4505 ι..
