3154 5032
734 339 778 414 25

274 545 341 608 rix
363 561 392 606 e.
409 539 447 605 P.
470 540 493 603 l.
515 541 545 614 2,
571 537 611 602 14
634 537 688 621 qui
711 558 845 622 possum
863 539 920 604 vir
942 540 1100 624 grauiora
1117 540 1321 624 pati-pro

189 647 266 731 „rix
288 663 423 729 possum
444 640 600 726 graviora
622 641 715 724 pati“
955 629 959 637 ⁴
1280 651 1284 656 '

275 766 409 833 parum
439 763 468 809 e.
491 743 529 809 P.
555 742 617 809 ΠΙ.
639 743 675 825 6,
704 744 724 808 3
751 749 786 808 at
807 744 836 809 si
864 750 961 810 cauta
988 765 1104 829 parum
1133 744 1323 829 scripsisset

191 854 311 917 dextra
333 886 372 896 -
396 885 437 895 -
459 867 520 930 pro
543 851 600 928 „at
620 846 649 910 si
671 866 788 930 parum
808 849 925 912 cauta“

275 953 435 1016 nimium
453 949 509 1013 Tr.
525 948 568 1013 II.
588 949 650 1014 180
664 949 728 1015 heu
750 950 909 1015 nimium
929 951 1049 1016 misero
1073 950 1235 1034 cognita
1255 948 1325 1014 tels.

191 1057 269 1122 mihi
290 1057 350 1121 IV.
375 1053 404 1135 1,
428 1050 470 1116 86
493 1051 557 1116 heu
578 1052 734 1118 nimium
756 1053 817 1117 fati
838 1057 989 1138 tempora
1009 1053 1120 1118 lenta
1140 1052 1205 1118 mei
1223 1087 1266 1102 -
1280 1087 1324 1100 -

191 1180 253 1244 pro
277 1157 429 1240 „nimium
453 1155 596 1238 cognita,
619 1177 651 1219 n.
672 1154 795 1233 lenta,“

277 1279 427 1344 quoque
450 1259 506 1323 Tr.
532 1257 575 1321 H.
599 1257 636 1319 21
663 1264 783 1322 motam
809 1277 937 1340 quoque
964 1257 1067 1323 leniet
1092 1257 1176 1322 iram
1197 1292 1238 1304 -
1261 1276 1323 1341 pro

194 1363 318 1446 „leniet
336 1361 487 1446 quoque“
521 1360 609 1443 quod
632 1361 823 1455 erratione
853 1361 989 1426 metrica
1015 1358 1081 1424 dici
1111 1378 1179 1424 non
1206 1360 1323 1444 potuit.

191 1468 219 1530 1.
233 1464 264 1548 3,
287 1465 330 1530 39
350 1484 481 1548 poenae
504 1483 633 1548 quoque
649 1464 771 1528 sentiat
793 1469 908 1529 auctor
926 1483 987 1548 pro
1011 1467 1147 1546 „auctor
1170 1463 1322 1545 quoqus“

278 1585 400 1649 usque
422 1568 478 1632 Tr.
494 1569 537 1632 V.
557 1568 588 1648 3,
612 1566 653 1632 21
677 1566 721 1632 ad
742 1561 844 1650 usqu'a
867 1567 1017 1633 nivosum
1038 1603 1082 1614 -
1102 1601 1146 1614 -
1167 1586 1229 1650 pro
1252 1585 1323 1648 „us-

198 1689 260 1752 que
282 1670 325 1733 ad
345 1669 527 1735 nivosum.“

278 1771 349 1838 Nec
372 1792 557 1856 pronomen
577 1773 743 1857 quisque
762 1773 1090 1856 praetermittendum
1114 1776 1180 1854 est,
1203 1773 1325 1856 quippe

193 1875 280 1958 quod
299 1874 374 1940 loco
389 1881 513 1942 mutato
534 1874 622 1941 haud
645 1896 722 1941 raro
738 1876 826 1960 apud
841 1876 992 1942 Ovidium
1012 1875 1182 1957 vocabula,
1207 1875 1324 1960 quibus

192 1978 457 2064 postponendum
480 1985 561 2061 erat,
583 1980 774 2063 praecedat,
797 1979 900 2044 uthis
925 1979 1083 2064 exemplis
1099 1977 1323 2061 cognoscitur:

194 2101 222 2146 e.
244 2082 283 2146 P.
306 2080 333 2146 Ι.
355 2080 390 2162 5,
414 2081 456 2147 35
479 2081 616 2166 cupidus
640 2083 820 2147 studiorum
843 2082 981 2164 quisque
1004 2100 1135 2146 suorum
1156 2081 1200 2146 II.
1224 2080 1260 2164 3,
1282 2079 1322 2143 17

194 2184 332 2267 quisque
356 2204 432 2249 suos
455 2191 544 2249 amat
565 2183 599 2267 5,
623 2185 665 2251 60
687 2185 823 2268 quisque
846 2185 896 2248 sui
916 2184 960 2249 H.
981 2185 1017 2266 9,
1039 2183 1082 2249 36
1118 2202 1248 2266 quoque
1278 2184 1324 2249 fa·

193 2291 293 2352 vente
315 2287 382 2352 suis
406 2286 462 2350 Tr.
485 2285 603 2367 111.4,
631 2286 672 2352 27
700 2287 837 2370 quisque
860 2306 993 2353 manere
1023 2305 1114 2352 suam
1140 2285 1181 2366 i),-
1205 2286 1244 2351 18
1266 2307 1323 2351 no-

194 2389 279 2454 mine
302 2407 461 2472 quemque
484 2409 555 2454 suo.

280 2492 459 2575 Postquam
477 2492 713 2575 intelleximus,
738 2497 860 2575 quanta
881 2491 1018 2557 licentia
1041 2489 1179 2558 Ovidius
1202 2490 1237 2554 in
1260 2490 1324 2555 col·

193 2593 343 2659 locandis
363 2595 535 2660 vocabulis
550 2595 788 2660 enunciationis
811 2593 978 2677 simplicis,
1001 2599 1038 2658 ut
1050 2593 1097 2658 ita
1113 2593 1229 2674 dicam,
1253 2613 1324 2658 ver·

195 2702 285 2761 satus
309 2697 361 2778 sit,
383 2717 468 2762 nunc
488 2697 640 2781 exempla
661 2696 780 2762 afferre
796 2696 892 2762 nobis
907 2695 1017 2779 liceat,
1039 2698 1074 2759 in
1094 2696 1211 2778 quibus
1225 2694 1324 2761 collo·

194 2800 280 2864 catio
294 2800 469 2864 verborum
483 2801 568 2865 adeo
591 2805 742 2866 contorta
762 2806 822 2883 est,
844 2805 880 2863 ut
899 2798 1093 2863 vocabulum
1116 2817 1158 2864 ex
1173 2798 1319 2863 membro
1394 2823 1398 2838 ·

195 2902 351 2986 primario
379 2903 414 2966 in
436 2903 576 2968 medium
599 2902 767 2986 adjectum
790 2902 968 2966 membrum
995 2901 1039 2966 sit
1067 2901 1255 2985 trajectum:
1291 2901 1325 2965 id

196 3005 283 3087 quod
306 3006 347 3070 ab
371 3024 432 3069 usu
459 3005 656 3089 scriptorum
683 3003 822 3069 maxime
851 3001 1044 3068 abhorrere.
1058 3023 1166 3081 neme,
1181 3004 1324 3088 ignorat.

195 3106 262 3173 Sed
290 3108 442 3193 exempla
463 3107 641 3174 docebunt:
676 3129 705 3174 e.
729 3107 766 3172 P.
787 3109 814 3172 I.
839 3106 872 3189 1,
899 3107 942 3172 80
962 3105 1035 3190 plus
1062 3107 1144 3189 isto,
1172 3106 1260 3189 duri,
1297 3106 1325 3170 si

194 3229 326 3293 precer,
355 3212 422 3276 oris
447 3231 570 3276 ero-
592 3247 633 3258 -
654 3230 716 3294 pro
740 3209 832 3294 ,plus
855 3209 920 3274 isto
951 3209 980 3273 si
1000 3228 1130 3293 precer,
1155 3208 1228 3273 duri
1254 3210 1324 3273 oris

195 3314 275 3378 ero“
296 3313 323 3377 Ι.
343 3313 373 3395 5,
397 3312 438 3378 ‘19
461 3312 538 3396 quid
560 3314 631 3395 tibi,
655 3314 683 3377 si
705 3312 823 3393 calida,
845 3311 961 3394 prosit,
983 3311 1120 3376 laudere
1138 3311 1248 3395 Syene
1265 3311 1325 3376 IV.

194 3414 224 3494 6,
248 3413 297 3478 29
313 3415 376 3496 qui,
400 3416 477 3499 quid
493 3415 613 3498 valeat,
635 3416 776 3498 ignoret,
801 3413 908 3478 Marte
923 3412 1049 3478 forensi
1063 3414 1123 3479 IV.
1142 3413 1172 3496 8,
1198 3411 1239 3478 19
1254 3414 1325 3478 sive

195 3515 290 3595 velis,
313 3515 368 3596 qui
387 3517 452 3582 sint
473 3539 591 3602 mores,
614 3518 792 3603 inquirere,
816 3515 932 3582 nostri.
964 3513 1325 3598 deliramentum,

198 3615 358 3681 innocuas
380 3624 415 3681 ut
436 3626 524 3702 agat,
547 3621 711 3703 facundia,
733 3639 850 3685 causas
872 3618 916 3685 ΙΙ.
940 3616 1003 3684 243
1025 3619 1193 3685 sustulerit
1214 3638 1326 3702 qnare,

200 3723 347 3801 quaeret,
363 3719 609 3787 Erichthonium
623 3724 684 3790 IV.
700 3724 726 3805 I,
739 3723 781 3787 89
798 3722 857 3786 sed
871 3742 989 3805 neque,
1004 3723 1056 3786 eui
1071 3723 1217 3802 recitem,
1239 3721 1325 3803 quis·

197 3840 293 3905 quam
316 3827 377 3906 est,
400 3843 473 3888 mea
491 3824 637 3888 carmina
658 3825 719 3888 HI.
742 3824 772 3905 6,
795 3824 848 3906 21,
871 3823 923 3891 23.
944 3823 1004 3890 IV.
1026 3823 1056 3904 5,
1080 3823 1131 3888 23.
1151 3823 1182 3905 6,
1204 3823 1234 3888 9.

512 4113 540 4203 ξ.
563 4113 594 4181 6.
639 4116 693 4180 lie
714 4115 912 4181 modorum
934 4133 1016 4180 usu.
1042 4117 1047 4121 '

574 4235 602 4299 1.
635 4234 689 4300 De
718 4233 950 4298 indicativo.

282 4337 401 4402 Modus
422 4337 594 4403 indicativi
615 4337 696 4402 nihil
720 4336 810 4402 aliud
833 4336 897 4401 nisi
923 4334 1099 4419 quidesse
1122 4341 1178 4401 aut
1203 4337 1326 4402 factum

197 4455 273 4506 esse
291 4439 470 4524 significat:
495 4447 606 4509 tamen
628 4441 714 4512 duae
735 4439 940 4526 potissimum
960 4439 1217 4526 conjunctiones,
1241 4458 1326 4525 quae
