3154 5032
747 345 789 411 27

287 539 331 604 Et
357 537 496 622 primum
524 536 655 620 quidem
684 537 787 601 verbo
814 533 980 618 jubendi
1014 537 1102 618 quod
1133 535 1162 601 si
1192 555 1255 620 par
1281 542 1334 602 est

201 643 325 706 nostris
348 642 459 707 verbis
494 639 670 724 „befehlen
693 639 863 718 heissen,“
896 639 1005 703 rarius
1032 639 1079 703 ita
1101 639 1331 724 usurpatur⁸⁴),

202 745 431 828 conjunctivus
455 744 629 828 adjunctus
654 749 705 808 est
726 761 826 805 versu
848 760 876 805 a.
892 741 930 804 Ρ.
953 741 1014 806 ΙΠ.
1040 742 1069 822 1,
1096 740 1155 804 141
1179 762 1240 808 nec
1261 763 1331 807 rur·

202 867 257 912 sus
274 848 389 932 jubeo,
415 846 490 910 dum
513 846 557 910 sit
579 845 795 926 vacuissima,
810 863 961 924 quaeras.

286 954 353 1013 tum
376 950 489 1030 verbo,
514 947 715 1031 cupiendi,
741 946 828 1027 quod
851 947 915 1010 etsi
930 944 1088 1029 Haase⁸⁵)
1103 951 1145 1037 et
1160 946 1277 1030 Zumpt
1298 946 1332 1010 in

201 1070 303 1136 prosa
325 1052 477 1116 oratione
499 1068 621 1114 aureae
644 1047 763 1113 aetatis
784 1047 1007 1132 conjunctioni
1032 1054 1072 1110 ut
1087 1047 1184 1131 jungi
1201 1050 1332 1112 omnino

119 1145 121 1151 ’
201 1158 338 1239 negant,
362 1151 464 1216 nihilo
491 1151 598 1217 secius
621 1151 656 1214 in
681 1170 732 1233 ep.
757 1169 785 1214 e.
807 1149 846 1213 P.
869 1151 920 1214 bis
947 1150 994 1214 ita
1015 1149 1152 1232 legitur:
1186 1150 1230 1214 ΙΙ.
1252 1149 1287 1232 5,
1311 1151 1332 1215 3

201 1276 286 1338 quae
308 1261 383 1320 rata
404 1255 448 1320 sit
465 1254 561 1338 cupio
584 1253 631 1318 lll.
653 1252 681 1334 1,
705 1252 747 1317 35
771 1253 884 1335 cupies
906 1257 942 1316 ut
962 1271 999 1315 re
1022 1251 1171 1335 potiaris.

286 1360 361 1423 Jam
372 1365 577 1423 transeamus
592 1356 634 1420 ad
647 1357 759 1437 verba,
777 1374 860 1436 quae
875 1349 1329 1436 quamquamconjunctiones

202 1467 243 1525 ut
265 1461 319 1524 vel
338 1481 385 1524 ne
406 1460 557 1544 recipere
581 1457 704 1539 solent,
733 1476 805 1522 cum
826 1457 896 1522 solo
923 1455 1132 1540 conjunctivo
1156 1456 1332 1540 conjuncta

203 1562 396 1644 invenimus,
420 1582 502 1644 qnae
527 1567 578 1627 est
599 1559 780 1643 simplicior
801 1558 888 1623 ratio
910 1558 1057 1623 dicendi:

290 1681 459 1748 efficere
483 1702 512 1748 e.
529 1681 568 1746 P.
588 1680 634 1744 lll.
656 1678 687 1761 3,
711 1677 754 1744 63
777 1679 883 1760 effice,
906 1678 949 1743 sit
970 1679 1066 1743 nobis
1089 1699 1156 1744 non
1176 1678 1331 1762 implaca-

117 1801 118 1808 ‘
205 1783 281 1848 bilis
304 1784 355 1848 ira

287 1892 425 1970 optare
449 1887 506 1950 Tr.
528 1883 597 1965 ll,
621 1882 663 1949 29
687 1889 720 1948 et
739 1883 858 1948 tacitus
881 1918 922 1928 —
946 1888 1053 1966 optet,
1076 1883 1119 1946 sit
1135 1902 1208 1970 mea
1223 1902 1332 1966 poena

201 1987 236 2054 ll.
258 1988 300 2053 57
326 1988 441 2072 optavi
462 1991 660 2071 —peteres
684 1987 726 2050 V.
750 1985 780 2067 2,
809 1985 847 2048 17
872 1991 951 2068 opto
974 2022 1015 2031 —
1038 1985 1151 2051 levare
1174 1985 1257 2051 velit

286 2091 425 2165 mando
448 2090 505 2153 Tr.
527 2089 549 2154 l.
564 2089 607 2170 ,1,
643 2088 714 2155 119Ι
731 2089 849 2153 mando
877 2087 969 2176 dicas
993 2089 1035 2152 V.
1066 2088 1099 2171 1,
1135 2089 1172 2152 71
1199 2089 1331 2154 mando·

204 2193 360 2277 leguntur
1046 2260 1050 2271 ,

286 2296 392 2361 facio
416 2296 473 2359 Tr.
487 2293 509 2358 l.
532 2294 559 2376 l,
582 2293 624 2361 58
639 2293 673 2358 di
695 2294 855 2376 facerent,
878 2313 1010 2378 possem
1027 2314 1112 2359 nunc
1132 2314 1222 2362 meus
1246 2315 1332 2361 esse·

200 2398 247 2464 lll.
269 2397 304 2481 3,
332 2397 375 2464 65
405 2398 507 2462 facito
531 2433 569 2444 —
593 2397 781 2464 referantur
814 2400 856 2477 V.
879 2397 914 2480 4,
944 2398 985 2462 13
1011 2397 1045 2460 di
1071 2397 1223 2463 facerent
1254 2398 1331 2464 telis

202 2508 307 2568 status
330 2507 429 2568 esset.

286 2622 390 2701 Quum
412 2622 454 2688 de
475 2621 638 2706 peculiari
660 2641 721 2685 usu
751 2620 953 2703 conjunctivi
980 2621 1153 2704 disseram,
1176 2621 1230 2685 hic
1253 2641 1331 2686 non·

200 2724 307 2791 nullas
330 2725 579 2809 conjunctiones
603 2723 876 2802 commemorabo,
899 2742 1034 2804 quorum
1057 2724 1091 2788 in
1110 2743 1171 2790 usu
1193 2723 1331 2788 Ovidius

200 2847 221 2892 a
245 2847 398 2894 sermone
420 2828 551 2911 vulgari
570 2828 668 2911 plane
694 2826 847 2907 recessit,
882 2826 955 2890 dico
976 2825 1171 2910 particulam
1193 2827 1331 2892 interro·

200 2931 345 3012 gativam
366 2950 412 2994 an
436 2936 470 2995 et
487 2929 685 3014 particulam
706 2927 962 2993 conditionalem
986 2929 1028 2992 si.

286 3050 329 3114 lit
347 3050 453 3134 priori
472 3049 604 3133 quidem
617 3049 736 3133 partic.
753 3067 806 3125 an,
830 3066 926 3129 quam
942 3054 998 3112 aut
1016 3049 1049 3113 in
1065 3048 1171 3114 altero
1186 3053 1331 3116 membro

198 3137 471 3238 interrogationis
495 3152 715 3237 disjunctivae
738 3156 795 3215 aut
815 3157 893 3234 post
908 3154 1011 3217 verbe
1032 3154 1123 3233 „scio
1146 3154 1259 3216 nescio
1275 3153 1330 3217 du·

199 3254 289 3318 bito“
314 3254 434 3319 similia
455 3256 518 3337 „ob
539 3255 650 3319 nicht“
674 3253 914 3337 significantem
936 3255 1089 3337 usurpari
1104 3255 1235 3338 scimus,
1257 3255 1332 3320 Ovi-

199 3357 271 3420 dius
288 3357 322 3419 in
337 3356 479 3441 simplici
494 3375 622 3438 quoque
638 3356 867 3420 enunciatione
882 3355 1126 3440 interrogativa
1140 3357 1251 3438 utitur,
1275 3359 1331 3422 ubi

199 3459 234 3521 in
256 3477 357 3539 prosa
380 3460 531 3524 oratione
562 3457 728 3542 particula
750 3457 867 3539 „nnm“
900 3458 981 3541 poni
1006 3478 1145 3524 necesse
1174 3466 1259 3541 erat;
1295 3467 1331 3524 ut

199 3557 338 3638 legimus
361 3578 389 3624 e.
413 3559 451 3625 P.
474 3561 520 3639 lll.
545 3561 578 3643 7,
606 3560 647 3625 12
677 3560 732 3642 qui
759 3559 844 3643 legit
865 3559 925 3624 hes
946 3559 1078 3642 laudes,
1113 3581 1155 3625 an
1182 3581 1330 3628 mercare

200 3662 299 3773 roget
320 3657 376 3723 lv.
398 3659 437 3740 3,
466 3661 504 3724 17
526 3663 582 3727 ille
609 3683 672 3748 ego
696 3683 781 3748 snm,
811 3663 972 3745 quinum
996 3685 1038 3728 an
1058 3664 1181 3746 vivam,
1204 3664 1330 3746 perfide

203 3778 325 3823 nescrs.

286 3878 371 3944 Item
407 3881 571 3964 particula
607 3884 692 3966 „si“,
732 3884 767 3948 id
802 3887 889 3967 quod
923 3887 956 3949 in
991 3904 1143 3950 sermone
1181 3885 1331 3968 pedestri

73 3992 78 3998 ‘
202 3985 304 4048 verbo
334 3984 485 4048 tentandi
511 3985 724 4068 permittitur,
764 3992 799 4051 et
824 3990 867 4052 ab
895 3988 969 4052 aliis
996 3987 1104 4082 poetis
1132 3992 1167 4051 et
1189 3988 1231 4051 ab
1254 3988 1330 4052 Ovi·

202 4191 407 4204 *ι-

289 4345 329 4427 ⁸⁴)
353 4347 395 4412 cf.
415 4346 527 4414 Madv.
552 4347 579 4434 ἕ.
602 4348 677 4414 390.
699 4352 763 4413 An.
785 4347 816 4412 2.

288 4430 329 4518 ⁸⁵)
352 4433 394 4497 ad
416 4432 507 4502 Reis.
529 4437 592 4500 An.
615 4435 679 4502 485
701 4455 733 4521 p.
757 4433 831 4500 560.
853 4433 980 4516 Zumpt.
1003 4433 1033 4520 ξ.
1056 4433 1130 4500 613.
1153 4437 1217 4500 An·
