3154 5032
804 359 843 426 12

466 552 494 616 1.
527 552 678 634 AdJect.
705 550 893 631 incuriae,
919 549 1191 634 negligentiae

350 673 511 722 securus
534 655 591 719 Tr.
613 655 640 720 Ι.
666 655 693 735 1,
715 652 759 717 49
781 653 922 735 denique
945 672 1079 717 securus
1103 653 1219 718 famae.

491 761 493 776 ¹
531 795 560 856 2.
592 789 864 872 Ignorantiae,
897 789 1119 874 imperitiae

348 895 525 958 incertus
558 891 614 955 Tr.
636 891 697 956 ΙΙΙ.
720 891 750 972 3,
773 891 795 954 4
819 893 1029 974 incertusque
1052 911 1145 956 meae
1159 893 1327 957 —salutis

350 996 487 1059 dubius
511 994 567 1058 Tr.
587 994 649 1058 ΙΙΙ.
672 994 701 1075 3,
729 993 770 1058 ‘25
796 1015 859 1078 ego
882 1015 952 1059 sum
973 995 1063 1058 vitae
1087 994 1203 1058 dubius
1235 995 1275 1058 of.
1300 994 1392 1060 Fast.

152 1095 159 1100 ·
263 1099 294 1180 6,
317 1097 391 1164 572.
436 1098 515 1162 Met.
542 1096 591 1177 15,
611 1096 685 1160 438.

404 1225 407 1228 '
522 1216 551 1279 3.
584 1215 674 1279 Alia
708 1215 896 1296 quaedam
931 1214 1133 1296 adjectiva

349 1318 472 1400 fugax
495 1318 551 1381 Tr.
574 1317 634 1381 ΙΙΙ.
666 1317 695 1397 2,
731 1317 751 1380 9
785 1316 903 1397 quique
931 1315 1034 1398 fugax
1066 1337 1174 1380 rerum
1201 1316 1256 1382 lv.
1280 1318 1328 1398 10,
1351 1317 1392 1383 38

263 1421 491 1501 sollicitaeque
514 1419 616 1502 fugax
638 1418 825 1482 ambitionis
849 1438 948 1481 era-m.

350 1523 558 1606 impatiens
582 1522 637 1584 Tr.
658 1521 719 1584 ΙΙΙ.
743 1520 772 1600 2,
800 1521 839 1585 10
861 1519 1036 1603 impatiens
1060 1521 1219 1586 laborum.
1247 1525 1260 1538 ‘

351 1644 472 1708 aeger
495 1625 551 1688 Tr.
575 1625 616 1688 V.
647 1622 696 1703 13,
720 1623 739 1686 3
763 1621 1027 1706 Aeger-mentis

349 1726 534 1811 grandior
566 1725 622 1789 Tr.
645 1727 699 1790 lV.
728 1725 776 1806 10,
804 1724 846 1788 43
881 1743 981 1808 saepe
1013 1743 1089 1790 suas
1125 1725 1276 1790 volucres
1311 1727 1392 1812 legit

262 1830 340 1894 mihi
367 1828 526 1912 grandior
550 1849 644 1892 aevo.

349 1930 533 2014 dignus¹⁴)
557 1932 612 1995 Tr.
635 1925 690 1994 IV.
714 1929 743 2010 3,
767 1929 808 1994 07
833 1929 941 2010 thue
965 1925 1090 2013 probae
1114 1931 1246 2014 dignum
1269 1939 1329 1998 est.

656 2047 687 2113 4.
722 2050 777 2116 De
809 2049 996 2114 ablativo.

349 2153 496 2220 Ablativi
518 2152 685 2238 primitiva
707 2151 757 2216 vis
780 2172 819 2216 ac
839 2159 988 2237 potestas
1010 2152 1057 2216 ita
1075 2153 1146 2218 fere
1161 2155 1394 2220 constituenda

264 2265 324 2340 661,
345 2264 382 2322 61
403 2257 490 2322 unde
512 2256 636 2339 aliquid
658 2255 716 2318 fiat
739 2255 791 2319 vel
814 2255 935 2320 factum
958 2255 1009 2338 611,
1036 2256 1168 2321 indicet.

347 2361 494 2426 Primum
516 2379 557 2424 ex
580 2360 641 2422 hac
664 2357 814 2442 generali
832 2359 960 2422 ratione
984 2357 1202 2442 proficiscitur
1226 2362 1390 2446 specialis,

263 2484 347 2546 quae
369 2462 547 2528 intercedit
570 2462 657 2525 iuter
677 2481 809 2524 causam
830 2467 864 2524 et
886 2467 1049 2526 eventum.
1094 2463 1205 2528 Ovidii
1220 2467 1390 2530 tamenin·

262 2566 376 2650 primis
400 2571 452 2631 est
473 2565 610 2648 propria
633 2564 740 2628 oratio
762 2584 823 2646 pro
843 2564 914 2627 solo
937 2565 1082 2630 ablativo
1108 2587 1239 2648 causae,
1267 2569 1322 2649 qui
1345 2569 1390 2632 di·

263 2671 356 2751 citur,
376 2667 656 2753 praepositionem
678 2659 720 2736 ab
743 2666 917 2748 adjectivis
935 2667 1070 2748 addere,
1092 2674 1126 2731 61
1140 2667 1222 2734 haec
1242 2669 1391 2754 exempla

264 2772 442 2836 docebunt:
475 2770 532 2833 Tr.
561 2769 588 2834 Ι.
617 2767 646 2849 2,
675 2768 716 2831 29
743 2768 895 2850 gelidus
917 2769 1044 2834 Boreas
1067 2773 1113 2834 ab
1139 2773 1242 2837 Arcto
1264 2773 1308 2837 ΙΙ.
1330 2773 1391 2838 255

264 2873 487 2938 doctior-ab
511 2872 598 2935 omni
617 2870 760 2935 carmine
782 2870 841 2935 IV.
862 2871 891 2936 3.
911 2869 953 2935 36
976 2888 996 2939 a
1018 2873 1272 2938 nostris-triste
1296 2874 1390 2938 malis

263 2975 293 3057 4,
315 2975 355 3040 76
377 2967 462 3056 ab¹⁵)
483 2973 618 3038 alterius
634 2974 748 3038 funere
763 2979 934 3038 moestus
955 2980 1028 3038 erat
1051 2975 1100 3057 10,
1126 2976 1164 3038 16
1187 2975 1230 3038 ad
1243 2976 1391 3058 insignes

264 3079 305 3162 ab
329 3083 401 3140 arte
426 3076 527 3140 viros.

233 3268 237 3276 ’
354 3245 391 3328 ¹⁴)
414 3246 457 3310 ad
480 3245 509 3308 h.
529 3245 551 3308 l.
576 3245 690 3310 Heius.
709 3247 784 3310 adn.
808 3247 960 3328 „Probae
977 3246 1107 3329 plurimi
1121 3245 1232 3332 (Ood.)
1253 3267 1294 3311 ex
1309 3249 1392 3311 casti

266 3332 459 3415 gatioribus.
486 3331 618 3414 optime.
645 3333 733 3414 regit
754 3333 839 3396 enim
862 3351 902 3397 ea
924 3351 989 3395 vox
1008 3351 1074 3395 non
1097 3333 1273 3397 secuudum
1288 3333 1391 3396 minus
1429 3377 1435 3384 =

266 3436 361 3498 quam
383 3423 509 3482 sextum
534 3418 675 3480 casum.“

353 3503 390 3584 15)
404 3501 557 3566 Merkclii
567 3502 743 3566 lectionem
756 3503 869 3584 recepi
882 3506 999 3564 contra
1010 3502 1239 3566 auctoritatem
1251 3501 1391 3582 Heinsii‚

263 3588 321 3669 qui
343 3580 384 3657 ob
400 3587 535 3651 alterius
552 3586 669 3658 funera
683 3587 752 3668 legi
771 3586 850 3649 vult.
886 3585 953 3650 Sed
969 3585 1149 3668 videamus,
1171 3587 1249 3668 quid
1263 3587 1391 3651 Merke-

262 3674 324 3737 lius
348 3673 390 3736 ad
413 3673 443 3736 h.
466 3671 489 3734 l.
512 3671 614 3734 dicat:
653 3674 716 3753 „ob
740 3671 875 3734 alterius
899 3671 1016 3734 funera
1042 3671 1224 3755 Hamburg.
1268 3671 1391 3736 Strozz.

262 3757 417 3823 Francos.
449 3756 531 3838 Reg.
555 3757 626 3821 Rel.
650 3757 772 3836 Berol,
800 3762 867 3819 tum
890 3756 999 3819 Moret
1031 3776 1091 3838 pro
1113 3777 1183 3822 var.
1207 3777 1270 3821 scr.
1293 3758 1391 3821 Ham·

262 3846 461 3928 burgensem
492 3843 635 3907 fortasse
669 3863 730 3926 pro
758 3842 1022 3905 Francofurtano
1048 3841 1195 3906 laudavit
1225 3843 1391 3907 Heinsius,

263 3928 427 4010 Quidquid
447 3928 482 3990 id
505 3928 549 3992 sit
571 3929 629 4008 rei,
654 3929 819 4009 scriptura
837 3927 940 3990 futilis
955 3933 1016 4012 661.
1061 3927 1233 3991 Moestus
1257 3930 1303 3992 ob
1325 3928 1391 3992 ali·

263 4015 353 4096 quid
368 4014 481 4078 nescio
498 4014 661 4094 quomodo
677 4018 832 4092 tanquam
852 4012 1040 4076 inusitatum
1061 4012 1229 4076 offendere
1248 4013 1392 4095 videtur;

262 4099 401 4163 alterum
424 4106 515 4162 certe
538 4099 640 4162 habes
664 4118 764 4180 supra
789 4097 852 4162 111.
878 4098 908 4180 3,
942 4097 984 4162 36
1018 4102 1052 4162 61
1080 4098 1246 4162 sententia
1273 4099 1392 4163 Ovidio

262 4185 362 4268 digna
383 4184 441 4248 illa
460 4185 587 4248 demum
609 4188 669 4265 est,
693 4190 852 4248 moestum
874 4189 1047 4264 utrumque
1071 4182 1190 4264 fuisse,
1219 4185 1306 4265 quod
1320 4186 1392 4267 1666

263 4271 358 4335 funus
386 4269 521 4333 alterius
551 4269 773 4351 comitaretur,
804 4270 838 4333 in
870 4269 985 4332 funere
1019 4267 1084 4332 iret
1115 4267 1206 4351 (vide
1228 4289 1329 4353 supra
1350 4269 1393 4333 ad
1452 4325 1458 4340 ,

261 4357 288 4421 Ι.
311 4355 341 4437 2,
364 4353 419 4436 28)
440 4374 506 4418 non
532 4357 575 4420 ob
598 4355 724 4443 funera,
748 4355 778 4421 h.
800 4374 837 4420 6.·
851 4358 990 4443 proptor
1013 4359 1161 4442 mortem,
1185 4355 1274 4442 quod
1295 4373 1394 4426 versu

262 4441 367 4532 priori
381 4439 544 4533 'diciturfl
