3154 5032
813 355 851 417 16

351 543 418 609 Sed
441 559 507 608 non
529 538 633 604 solum
655 539 770 605 infinit.
791 539 887 624 peri,
910 559 1024 606 verum
1043 540 1142 604 ctiam
1157 538 1297 623 perfect.
1312 537 1394 602 indi·

267 647 368 712 cativi
390 644 433 710 ad
456 642 586 707 modum
608 643 722 725 graeci
745 641 870 723 aoristi,
894 643 950 706 ubi
973 661 1014 707 ex
1036 642 1164 726 vulgari
1189 639 1322 706 dicendi
1344 659 1394 705 ra·

266 750 357 814 tione
369 743 724 831 plusquamqerfectum
736 749 925 828 poneretur,
937 744 1137 824 invenimus;
1150 743 1247 807 utTr.
1258 744 1299 807 V.
1314 741 1344 824 2,
1356 741 1395 807 16

311 846 478 932 Telephus
502 851 638 910 aeterna
661 852 870 930 consumptas
892 848 970 910 tabe
993 845 1137 928 perisset

395 949 431 1015 si
454 969 528 1029 non,
558 967 656 1029 quae
678 949 827 1030 nocuit,
851 950 969 1014 dextra
992 947 1123 1011 tulisset
1145 965 1252 1030 opem.

267 1054 322 1118 Tr.
344 1053 388 1117 ΙΙ.
410 1050 450 1117 92
474 1070 524 1115 me
548 1050 709 1132 miserum,
732 1052 859 1135 potui,
882 1051 910 1116 si
930 1053 1235 1115 non-nocerent.

351 1153 518 1218 Interdum
541 1150 894 1236 plusquamperfectum
922 1172 983 1236 pro
1011 1151 1208 1236 imperfecto
1240 1169 1260 1213 a
1287 1149 1394 1232 poetis

267 1258 333 1322 dici
352 1253 584 1337 Madvigiusw)
606 1260 709 1338 putat,
734 1257 869 1339 ejusque
894 1254 1080 1319 sententiae
1102 1272 1143 1318 ex
1162 1273 1213 1336 ep.
1229 1271 1258 1315 e.
1273 1251 1311 1316 P.
1334 1250 1396 1326 hoc

267 1358 451 1442 exemplum
479 1356 587 1420 affert:
619 1357 680 1422 ΙΙΙ.
706 1358 736 1437 3,
760 1358 801 1423 37
836 1377 897 1422 nec
925 1357 1006 1422 satis
1028 1354 1091 1420 ho'c
1114 1355 1259 1420 fuerat:
1294 1353 1394 1418 stulto

269 1479 397 1544 quoque
421 1459 564 1524 carmine
588 1458 662 1523 ieci.

354 1561 593 1644 Nonnunquam
616 1562 703 1646 apud
720 1562 870 1626 Ovidium
893 1562 1097 1646 plusquamp.
1112 1560 1261 1643 legimus,
1285 1560 1340 1622 ubi
1356 1579 1396 1622 ex

270 1665 430 1731 communi
453 1683 512 1728 usu
532 1669 713 1748 temporum
735 1663 918 1748 perfectum
942 1668 1180 1748 exspectemus,
1205 1668 1240 1726 ut
1263 1662 1319 1727 Tr.
1336 1661 1394 1725 Ill.

270 1768 319 1850 12,
335 1767 377 1834 25
390 1786 456 1832 non
471 1787 550 1848 sum,
571 1767 626 1849 qui
641 1767 776 1833 fueram.
800 1769 841 1833 V.
853 1767 884 1849 5,
897 1768 917 1833 3
932 1767 980 1833 sic
991 1803 1034 1814 -
1045 1765 1198 1831 Laertius
1216 1761 1395 1847 egerat²⁴)

270 1871 368 1936 heros
391 1870 432 1934 V.
455 1869 503 1950 12,
525 1869 568 1934 30
589 1869 647 1952 illi,
671 1870 727 1952 qui
749 1869 884 1935 fueram.

355 1972 437 2036 Tum
469 1970 590 2053 foret,
625 1974 712 2056 quod
743 1973 848 2057 magis
876 1978 1004 2056 tempus
1037 1972 1178 2037 futurum
1206 1975 1336 2056 spectat
1364 1974 1397 2034 et

270 2080 380 2140 esset
404 2094 500 2157 quum
523 2075 579 2138 alii
601 2082 720 2159 poetae
741 2081 809 2141 tum
826 2075 963 2141 Ovidius
979 2094 1085 2159 paene
1100 2075 1171 2139 sine
1192 2073 1258 2139 ullo
1282 2072 1394 2137 discri-

268 2179 354 2242 mine
377 2182 512 2260 ponunt,
538 2183 574 2241 ut
595 2178 651 2242 Tr.
667 2179 693 2243 Ι.
708 2179 738 2261 5,
755 2179 795 2243 21
819 2185 855 2242 ut
876 2178 964 2243 foret
986 2176 1169 2261 exemplum
1187 2213 1230 2224 -
1245 2176 1395 2242 Phoceus

269 2279 390 2345 amoris
417 2279 460 2342 24
481 2279 509 2343 si
522 2317 567 2328 -
580 2281 688 2364 gloria
703 2282 792 2346 nulla
813 2281 901 2346 soret
913 2282 975 2346 III.
993 2279 1025 2362 4,
1041 2279 1082 2344 27
1102 2300 1167 2344 non
1184 2279 1272 2344 foret
1287 2280 1396 2344 orbus.

270 2403 299 2447 e.
323 2382 411 2449 Ρ.·Ι.
434 2381 464 2463 9,
489 2381 528 2446 18
551 2385 723 2465 ponendus
739 2385 768 2448 si
784 2383 871 2448 foret
886 2383 946 2448 III.
970 2383 1000 2464 6,
1023 2380 1045 2445 4
1066 2383 1126 2447 IV.
1148 2382 1178 2464 9,
1202 2381 1253 2458 22.
1277 2381 1329 2446 23.
1344 2381 1396 2446 38.

273 2483 322 2548 14.
346 2482 397 2548 62.
423 2483 473 2550 16.
497 2483 527 2549 5.
551 2484 581 2549 8.

354 2586 461 2652 Etiam
489 2587 523 2651 in
551 2592 732 2672 temporum
765 2588 998 2654 consecutione
1022 2585 1173 2652 Ovidium
1207 2586 1397 2651 liberiorem

269 2709 344 2754 esse
367 2689 531 2755 nonnullis
555 2690 714 2775 exemplis
736 2696 887 2774 apparet,
914 2696 950 2754 ut
974 2691 1030 2754 Tr.
1053 2690 1095 2754 V.
1121 2688 1170 2770 13,
1193 2687 1214 2752 3
1234 2709 1337 2772 aeger
1355 2724 1396 2734 -

267 2791 384 2874 traxi,
403 2827 444 2838 -·
461 2827 499 2838 -
518 2812 731 2877 parensque
751 2800 867 2857 vacet
888 2793 929 2856 V.
949 2791 996 2873 13,
1016 2790 1055 2856 15
1070 2791 1218 2874 pluribus
1235 2811 1395 2869 accusem,

270 2893 342 2958 ficri
364 2893 429 2957 nisi
450 2901 575 2976 posset.

724 3049 929 3064 m

468 3199 495 3286 ξ.
517 3198 549 3263 l.
594 3201 646 3264 lte
668 3202 797 3268 ceteris
820 3202 998 3268 orationis
1020 3165 1214 3287 partibus..

440 3317 468 3382 1.
505 3318 559 3384 De
598 3319 886 3404 adjectivorum
923 3342 991 3386 usu
1028 3321 1233 3404 peculiari.

352 3420 539 3506 AdJectiva,
559 3442 641 3506 quae
656 3423 689 3487 in
703 3442 805 3507 prosa
821 3425 971 3489 oratione
984 3424 1199 3489 substantivis
1216 3428 1272 3488 aut
1280 3422 1396 3507 juncta

267 3529 324 3587 aut
341 3523 499 3589 attribute
520 3530 727 3609 usurpantur,
750 3526 920 3609 paullatim
942 3531 1092 3591 naturam
1116 3527 1394 3592 substantivorum

272 3661 476 3674 ι*-

267 3765 359 3828 pore.
404 3746 464 3810 Est
486 3751 594 3812 autem
617 3747 729 3811 Attica
751 3746 771 3810 fi
797 3768 866 3829 ura,
895 3768 958 3831 qua
984 3767 1045 3813 nos
1075 3749 1209 3814 utinen
1233 3748 1396 3827 convenit,

267 3836 303 3894 ut
324 3823 469 3914 ἀόριστος
500 3838 642 3916 ponatur
676 3851 737 3916 pro
770 3837 919 3914 ενεστῶτι,
954 3840 988 3899 ut
1023 3828 1144 3918 γράψαι
1172 3854 1234 3919 pro
1262 3829 1395 3919 γράφειν.

267 3915 341 3980 Hac
364 3916 498 3982 licentia
518 3923 651 3982 utuntur
673 3923 803 4001 poetae.

356 3999 397 4168 Ὗ
419 4001 492 4068 Lat.
515 4001 589 4087 Spr.
612 4002 640 4089 ξ.
663 4001 726 4067 338
754 4006 815 4067 An.
839 4002 870 4068 6.

355 4087 382 4125 ²⁴
418 4087 481 4152 Ad.
505 4089 534 4152 h.
559 4088 580 4152 l.
604 4089 800 4154 Merkelius:
823 4090 859 4155 In
884 4090 945 4152 hoc
967 4109 1064 4153 versu
1088 4087 1305 4154 Heinsianam
1329 4108 1396 4153 cor-

268 4171 448 4236 rectionem
475 4169 615 4260 [egcrit]
644 4175 719 4238 loco
742 4175 910 4255 movimus,
939 4175 1086 4255 quamvis
1110 4173 1306 4258 elegantem,
1340 4173 1400 4238 scd

268 4264 303 4321 ut
323 4257 418 4322 libris
439 4259 536 4322 nullis
558 4260 682 4341 fultam,
702 4261 749 4325 ita
802 4260 897 4325 'nime
918 4259 1151 4324 necessariam.
1195 4261 1286 4326 Infra
1308 4259 1338 4339 8,
1359 4258 1399 4323 13

269 4343 379 4425 qui-
395 4350 536 4427 negarat
560 4345 609 4427 12,
632 4344 675 4411 30
698 4347 753 4428 qui
793 4366 902 4412 ueram
924 4345 1015 4410 Fast.
1043 4345 1073 4425 6,
1096 4343 1136 4407 13
1161 4346 1292 4412 viderat
1319 4345 1398 4409 Met.

271 4428 321 4510 15,
344 4428 400 4493 101
427 4431 656 4516 suspenderat.
